3046 5124
472 342 475 346 ’
551 346 590 390 mr
604 346 781 388 hammus
794 346 886 389 umus
1239 350 1299 415 199

127 504 282 591 perhibet
294 504 495 570 Intellectum
509 510 542 568 et
555 504 742 585 Veritatem,
757 509 789 567 et
802 503 969 589 protulisse
984 506 1019 568 iu
1033 502 1185 569 honorem
1199 506 1299 588 patris

126 608 261 673 Aeonas
276 614 355 673 octo.
391 607 438 671 Dc
453 606 618 671 Intellectu
634 612 785 671 autemst
801 608 936 671 Veritote
952 608 1145 691 processisse
1158 605 1300 671 Verbum

125 716 163 774 et
176 710 298 791 Vitam,
313 716 345 773 et
358 709 525 795 protulisse
541 711 664 774 Aeonas
677 710 794 774 decem.
816 709 912 773 Porro
929 710 966 773 de
978 707 1081 773 Verbo
1097 715 1129 771 et
1138 707 1212 773 Vita
1225 730 1298 793 pro-

125 814 269 878 cessisse
287 813 455 877 Hominem
475 820 506 876 et
526 812 715 892 Ecclesiam,
741 817 772 875 et
791 811 957 896 protulisse
978 812 1102 875 Aconas
1123 810 1297 883 duodecim.

121 916 244 1000 Itaque
265 922 335 980 octo
351 922 383 979 et
397 914 507 979 docem
521 922 553 978 et
568 914 732 979 duodecim
749 916 817 978 lieri
831 917 960 996 triginta
974 914 1114 994 Aeonas,
1134 911 1298 993 habentes,

123 1024 166 1083 ut
180 1017 332 1099 diximus,
346 1020 484 1103 primum
497 1019 687 1102 principium
703 1016 741 1080 de
755 1017 913 1082 Profundo
929 1024 960 1080 et
975 1017 1116 1080 Silentio.
1140 1013 1299 1080 Christum

125 1126 242 1187 entem
255 1142 274 1184 a
287 1120 379 1185 Putre
394 1123 537 1202 missum,
552 1121 584 1184 id
596 1126 645 1183 cst
656 1140 674 1183 a
685 1119 854 1201 Profundo,
869 1119 1008 1204 spiritale
1021 1118 1070 1183 vel
1083 1117 1216 1182 caeleste
1229 1139 1297 1181 cor·

126 1244 193 1311 pus
208 1242 318 1288 secum
332 1223 485 1303 attulisse,
500 1222 639 1307 nihilque
652 1224 859 1307 assumpsisse
873 1222 910 1287 tle
922 1224 1041 1305 virgine
1053 1221 1160 1300 Maria,
1176 1219 1232 1283 sed
1243 1240 1299 1304 per

127 1326 223 1391 illam
236 1331 387 1410 tunquam
406 1346 462 1410 per
482 1329 584 1390 rivum
598 1330 652 1389 aut
665 1346 721 1411 per
736 1324 872 1389 fistulam
888 1327 955 1387 siue
975 1323 1039 1387 ulla
1054 1322 1091 1388 de
1107 1322 1161 1386 illa
1175 1342 1298 1386 assum·

129 1436 189 1515 pta
200 1448 294 1492 carne
309 1426 486 1492 ³trausisse.
509 1429 610 1510 Negat
621 1431 715 1491 etiam
727 1430 986 1493 resurrectionem
999 1428 1112 1507 cornis,
1127 1424 1228 1489 solum
1242 1445 1299 1509 per

132 1531 294 1597 Christum
310 1534 454 1616 spiritum
470 1537 501 1594 ot
516 1533 653 1594 animam
668 1530 801 1595 salutem
816 1533 958 1614 accipere
973 1530 1145 1593 affirmans.

197 1633 407 1699 ¹Secuudiani
427 1632 486 1698 hoc
502 1655 521 1698 a
534 1633 761 1698 Valentinianis
777 1633 893 1698 distare
909 1632 1065 1713 dicuntur,
1081 1629 1164 1715 quod
1178 1629 1299 1695 addunt
1317 1652 1366 1703 cap.
1380 1653 1427 1692 ιη,

134 1758 230 1823 opera
243 1736 458 1822 turpitudinis.

197 1838 395 1904 Ptolemaeus
412 1859 533 1922 quoquc
555 1838 726 1924 discipulus
745 1839 899 1903 Valentini
921 1838 1077 1902 haeresim
1092 1857 1205 1901 novam
1221 1857 1297 1901 con·
1316 1857 1366 1908 etp.
1380 1857 1439 1898 rur.

135 1941 209 2007 dere
224 1944 355 2026 cupiens
370 1948 502 2025 quatuor
516 1942 640 2007 Aeonas
656 1948 687 2005 et
701 1942 778 2006 alias
795 1949 927 2027 quatuor
942 1960 1081 2005 asserere
1097 1938 1216 2004 maluit.

196 2043 320 2109 Murcus
340 2046 435 2108 etiam
455 2047 560 2109 nescio
582 2047 651 2128 quis
671 2044 827 2109 haeresim
847 2044 1001 2125 condidit,
1022 2063 1139 2123 negans
1159 2062 1297 2105 resurre·
1316 2062 1367 2114 esp.
1380 2063 1435 2103 arv.

136 2148 271 2212 ctionem
285 2148 404 2227 carnis,
426 2152 457 2209 et
472 2147 631 2211 Christum
651 2168 714 2211 nou
728 2168 817 2229 vere,
840 2146 897 2210 sed
911 2149 1050 2231 putative
1066 2165 1195 2229 passum
1210 2164 1297 2207 asse·

136 2268 254 2313 vorans.
291 2248 360 2313 Duo
382 2270 503 2333 quoque
523 2253 668 2335 opinatus
690 2256 738 2313 est
757 2271 795 2313 cx
817 2249 946 2313 adverso
968 2249 1028 2312 sibi
1049 2268 1116 2310 csse
1132 2247 1297 2332 principia,

136 2351 284 2436 quiddam
297 2352 360 2416 tele
376 2352 415 2416 de
429 2353 589 2416 Aeonibus
605 2352 695 2435 quale
710 2352 895 2415 Valentinus
910 2352 1080 2415 affirmans.

195 2453 401 2519 lColorbasus
418 2461 544 2520 secutus
557 2461 605 2518 est
616 2456 703 2536 istos,
718 2475 781 2518 nou
793 2454 927 2518 multum
938 2454 1028 2518 aliter
1039 2455 1189 2532 sentiens,
1200 2454 1298 2516 vitam
1316 2472 1367 2523 cip.
1380 2472 1424 2512 xv.

137 2561 275 2623 omnium
288 2555 451 2622 homiuum
467 2564 497 2621 et
511 2560 744 2641 generationem
759 2560 793 2621 in
808 2563 928 2642 septem
949 2556 1104 2622 sideribus
1126 2557 1296 2621 consistere

136 2660 304 2727 affirmans.

195 2762 449 2845 Heracleonitse,
463 2763 503 2826 eb
518 2762 710 2827 Heraclcoue
726 2764 881 2849 discipulo
897 2766 1108 2848 superiorum,
1129 2760 1189 2825 dno
1210 2782 1296 2826 asse·
1316 2782 1366 2834 cap.
1380 2782 1435 2823 rvr

135 2873 207 2932 runt
221 2868 387 2951 principia,
403 2886 501 2929 unum
517 2886 555 2930 ex
570 2866 678 2946 altero,
694 2872 726 2930 et
741 2888 780 2930 ex
795 2867 843 2931 his
860 2867 980 2931 duobus
996 2866 1056 2929 alia
1070 2864 1214 2949 plurima.
1237 2863 1294 2929 Fe·

135 2975 245 3035 runtur
259 2975 365 3033 autem
380 2990 452 3032 suos
467 2971 637 3032 morientes
652 2990 733 3034 novo
748 2969 840 3034 modo
856 2972 945 3053 quasi
959 2969 1124 3050 redimere,
1138 2967 1171 3033 id
1183 2975 1230 3031 est
1241 2989 1297 3053 per

136 3071 248 3154 oleum,
263 3072 438 3136 balsamum
452 3079 484 3134 ct
498 3092 612 3155 aquam
627 3078 658 3135 et
671 3074 902 3154 invocationes,
923 3093 1000 3156 quas
1014 3071 1178 3136 Hebraicis
1192 3070 1296 3135 verbis

135 3174 243 3242 dicunt
257 3195 352 3260 super
367 3177 470 3260 capita
485 3195 600 3239 eorum.

196 3278 330 3364 Ophitae
345 3299 364 3340 a
379 3277 505 3342 colubro
521 3279 674 3341 nominati
689 3285 777 3354 sunt;
794 3276 920 3343 coluber
935 3280 1020 3342 enim
1036 3279 1151 3343 Graece
1167 3278 1232 3367 ὄφις
1248 3278 1296 3343 di·
1315 3300 1365 3352 cap.
1378 3299 1444 3340 xvu.

134 3384 223 3447 citur.
251 3381 343 3446 Hunc
357 3387 463 3445 autem
478 3379 638 3444 Christum
652 3381 856 3458 arbitrantur3
874 3381 930 3445 sed
944 3380 1063 3446 habeut
1077 3385 1173 3447 etiam
1187 3403 1296 3446 verum

135 3483 313 3551 ¹colubrum
328 3492 489 3548 assuetum
505 3505 612 3548 eorum
626 3504 724 3568 penes
740 3483 893 3567 lambere,
909 3491 1002 3568 atque
1018 3487 1063 3550 ita
1078 3488 1124 3550 cis
1139 3483 1226 3550 velut
1240 3505 1294 3548 eu·

199 3671 223 3724 2.
235 3671 330 3723 rimam
342 3673 396 3722 edit
405 3670 518 3723 erasmi.
578 3670 602 3723 3.
617 3671 691 3731 Quod
702 3670 744 3722 dic
756 3674 782 3722 iu
795 3673 870 3723 editis
870 3675 964 3740 ficerat
975 3675 1102 3725 additum:
1119 3671 1157 3724 De
1166 3671 1296 3725 tricesimo

132 3738 219 3794 seculo
232 3738 294 3791 dicit
304 3739 437 3792 diabolum
443 3740 569 3808 genitum,
579 3746 605 3791 et
615 3756 631 3790 a
643 3739 744 3792 diabolo
757 3740 822 3792 alios
832 3744 907 3793 natos
917 3741 962 3809 qui
970 3740 1077 3793 fecerint
1085 3739 1153 3792 hunc
1162 3740 1295 3794 muudum.

131 3806 165 3863 lu
179 3808 238 3862 ideo
254 3808 382 3860 malitiam
398 3826 450 3860 non
468 3809 573 3861 arbitrio
591 3809 693 3873 tribuit,
710 3808 756 3861 sed
772 3815 881 3862 naturae
892 3810 993 3874 mundi,
1008 3810 1034 3861 id
1047 3813 1087 3862 est
1102 3809 1193 3878 generi
1208 3809 1295 3863 diebo-

131 3876 293 3931 modesta
305 3876 377 3929 MSS.
408 3876 535 3997 (Benedp

199 3942 262 4025 (lep.
273 3944 332 3998 ΧΠ.
344 3976 378 3984 -
398 3945 420 3996 l.
432 3945 496 3997 Edit
536 3965 609 3999 osan.
628 3955 652 3997 et
667 3947 763 4014 aliquot
777 3945 851 3999 MSS.
863 3945 1029 4000 Sevandiani.
1056 3947 1114 3996 Alii
1122 3963 1178 3997 cum
1186 3945 1296 4001 Eracmo

132 4012 303 4136 wdamss
320 4031 421 4132 quplrum
438 4017 537 4065 scilicet
552 4019 672 4084 princepe
687 4013 817 4067 Secundus
834 4035 852 4066 u
868 4013 1018 4078 Philaenis,
1030 4012 1178 4084 Eptpdam'o
1195 4024 1220 4067 et
1235 4017 1296 4068 alies

212 4101 235 4134 r.
305 4098 378 4136 ene.

198 4150 262 4220 Cap,
300 4150 331 4204 V.
344 4083 390 4188 -i
403 4152 423 4203 1.
437 4149 607 4204 colarbasum
624 4153 687 4204 editi
705 4171 721 4202 u
758 4152 849 4213 edant,
867 4151 977 4202 multata
994 4152 1079 4202 altera
1094 4152 1181 4203 coculi
1195 4170 1209 4205 o
1225 4156 1252 4204 iu
1269 4174 1294 4216 a,

132 4219 314 4272 &aaudiat
325 4224 436 4287 antiquis
446 4224 588 4287 seripturis.
624 4170 756 4288 (Benedii’

197 4286 260 4356 Gap.
271 4287 354 4341 XVII.
367 4319 400 4327 -
420 4288 441 4340 l.
456 4288 499 4337 Ita
516 4291 543 4337 io
552 4288 625 4342 MSS,
638 4289 676 4338 At
689 4293 716 4339 ia
732 4291 829 4339 exeneis
842 4288 994 4339 describitur
1006 4287 1102 4340 isthaec
1116 4287 1231 4341 haeresis
1247 4290 1294 4342 hoc

59 4366 64 4373 '
127 4358 186 4424 sere
195 4358 281 4409 nodo:
297 4355 372 4410 Ilunc
384 4361 471 4407 autem
483 4355 618 4408 colubrum
630 4358 674 4425 qui
689 4357 788 4424 decepit
798 4355 881 4407 Adam
894 4362 920 4408 et
930 4355 1012 4409 Evam
1026 4355 1157 4410 Christum
1168 4359 1293 4412 arbitran-

132 4428 187 4478 tur:
204 4424 250 4477 sed
261 4422 358 4476 hebent
370 4424 448 4476 etiem
460 4439 550 4474 verum
562 4424 696 4477 colubrum
708 4441 785 4494 quem
796 4424 914 4476 uumiunt
925 4430 951 4476 et
962 4432 1124 4480 venerantur.
1153 4425 1202 4490 Qui
1218 4434 1244 4479 et
1254 4429 1293 4482 in·

132 4497 252 4546 mutante
268 4492 401 4544 sacerdote
418 4490 549 4559 egreditur
566 4491 597 4544 de
614 4495 738 4562 spelunca
755 4498 781 4545 et
792 4493 907 4545 ascendit
918 4510 996 4564 super
1012 4496 1093 4549 altare
1104 4496 1224 4548 innixum
1235 4514 1292 4566 spe·

132 4559 223 4613 luucae
234 4567 261 4613 et
272 4561 416 4613 oblationes
428 4576 517 4611 eorum
529 4560 628 4623 lambit,
640 4568 666 4614 et
676 4562 811 4614 involvens
823 4577 851 4613 se
862 4562 930 4614 eirea
941 4579 985 4615 eas
994 4565 1137 4632 regreditur
1145 4564 1178 4617 ad
1190 4566 1292 4635 spelun-

134 4644 190 4683 cam
201 4634 227 4683 et
238 4630 276 4683 ita
286 4629 454 4698 confringunt
465 4628 608 4681 oblationes
619 4629 647 4682 in
656 4627 846 4694 eucharistiam,
859 4632 934 4700 quasi
945 4640 1087 4703 aserpeute
1097 4632 1206 4700 Christo,
1218 4642 1247 4688 ut
1254 4635 1293 4688 illi
