3046 5124
262 352 323 417 386

262 502 422 557 Lombardus
434 504 477 555 lib.
492 502 515 554 i.
528 503 639 556 distinct.
651 503 682 555 V.
707 502 829 555 Baeticus
842 502 873 555 de
888 502 947 557 fide.
967 501 1079 571 Cyrillus
1097 502 1291 555 Alexandrinus
1306 502 1337 555 de
1347 518 1367 555 s.
1376 503 1413 555 tri·

263 573 343 624 nitate
356 588 384 623 cu
405 611 410 622 .
423 571 453 622 Il.
477 571 586 638 tlffyrillus
604 572 775 639 Hierosolym.
788 572 814 623 in
827 570 850 625 2.
863 570 993 625 catechesi
1008 572 1146 623 illuminat.
1156 570 1203 623 iol.
1217 570 1257 625 12.

313 640 374 692 Post
385 590 487 708 iapsum
498 639 535 690 ita
547 639 692 691 confirmati
704 646 765 691 sunt
776 640 874 708 angeli]
893 638 965 691 Beda
976 639 1003 692 in
1012 639 1210 709 quaestionibus
1221 656 1301 709 super
1311 638 1413 693 Genesin

262 709 306 761 fol.
322 708 375 759 1⁶22.
389 725 422 759 ex
436 706 572 775 Gregorio:
596 708 671 759 Tales
683 712 767 759 creati
777 719 835 759 suris
845 710 943 774 capeti,
960 718 987 759 et
1002 714 1027 759 st
1038 710 1128 760 cellcul
1142 712 1171 759 irs
1188 708 1356 761 beatitudiuis
1368 710 1414 759 tuce

258 781 433 845 persisterent,
446 781 470 826 ei
482 786 563 827 antem
576 778 676 838 nollent,
688 781 764 827 etiam
777 777 831 827 latri
837 781 985 844 potuissent.
1018 775 1089 829 Unde
1100 785 1126 828 et
1134 775 1219 829 Satan
1238 794 1295 828 cnm
1311 780 1415 846 sequnci

263 846 307 896 bue
319 846 455 911 Ieyiom'hnr
468 847 567 896 cecidit.
584 844 636 895 Sed
642 853 702 913 post
712 847 765 895 cius
777 846 802 895 ln
822 862 875 895 eum
886 849 925 896 ito
938 846 1081 913 confirmati
1090 854 1149 897 suat
1159 846 1248 912 angeli
1273 849 1301 897 ui
1307 850 1415 914 perstite-

262 921 328 973 runt,
341 922 368 962 ut
379 915 472 963 endere
484 917 581 963 onirriuo
594 931 641 963 nou
648 917 754 981 possint.
783 863 851 964 Phili
887 929 918 964 us
929 914 1065 981 presbyter
1081 912 1109 964 10
1119 912 1173 965 Iob.
1192 863 1309 983 000111.
1327 910 1416 967 10113.

313 980 375 1049 Cap.
388 980 480 1034 LXIII.
492 1011 525 1018 -
543 980 631 1032 Bonae
644 988 706 1031 sunt
717 982 835 1049 nuptiae]
851 930 894 1032 idi
905 981 1042 1033 traditione
1055 980 1104 1044 dei,
1117 981 1162 1049 qui
1173 980 1234 1033 illas
1244 981 1274 1033 in
1285 978 1416 1101 primordio

263 1049 399 1100 creationis
412 1049 554 1100 connexuit
565 1048 625 1100 fidei
637 1049 754 1111 vinculo,
773 1048 928 1115 gratificavit
945 1049 1129 1101 benedictionis
1142 1049 1225 1113 dono,
1242 1050 1418 1119 mutiplicavit

262 1118 620 1255 trististristis
642 1116 1417 1255 &iststiittttmttttttttt..tititti}

261 1254 288 1305 in
300 1254 397 1305 Lucam
415 1254 459 1306 lib.
473 1254 491 1304 I.
510 1270 531 1304 c.
545 1254 562 1306 l.
591 1252 701 1305 Arethas
718 1254 745 1305 in
763 1254 911 1322 apocalyps.
929 1270 951 1307 c.
963 1253 1091 1306 XXXIX.
1121 1252 1234 1305 C'rillus
1252 1254 1417 1322 hierosolym

262 1322 382 1390 arrupte.
397 1321 418 1372 δ.
433 1321 604 1390 φωτιζομένων
617 1319 641 1371 ἐν
654 1319 834 1390 Ἱεροσολύμοις
847 1337 906 1391 pag.
920 1322 959 1373 ti.
978 1322 1061 1374 Autor
1077 1322 1108 1373 de
1121 1271 1171 1374 sude
1183 1322 1216 1373 ad
1228 1320 1336 1375 Petrum
1348 1320 1417 1375 0111

262 1340 477 1458 apurirlugustin.
487 1395 549 1442 torn.
560 1389 602 1443 III.
619 1390 792 1441 Tertullianus
802 1390 924 1441 adversus
933 1390 1092 1442 Marcionem
1101 1390 1145 1442 lib.
1155 1389 1173 1444 I.
1183 1406 1205 1443 c.
1214 1390 1319 1443 XXIX.
1335 1390 1417 1443 Iliero

262 1474 356 1524 nymus
366 1459 398 1509 ad
408 1459 563 1510 Salviname
583 1459 623 1509 ist.
633 1458 679 1511 IX.
691 1458 812 1509 adversus
821 1457 984 1509 Iovinianum
994 1458 1038 1512 lib.
1049 1458 1068 1509 1.
1078 1458 1126 1512 c.I.
1144 1458 1326 1512 Damasceuus
1335 1458 1366 1510 de
1374 1458 1418 1511 tide

262 1524 397 1580 orthodox.
408 1527 451 1578 lib.
461 1526 504 1580 IV.
516 1543 537 1579 c.
548 1560 560 1577 ι
577 1526 632 1577 XV.
644 1526 757 1578 lsidorus
767 1526 798 1577 de
807 1526 900 1578 ciliciis
909 1527 1050 1579 ecclesiast
1060 1526 1140 1581 lib.II.
1151 1543 1173 1580 c.
1180 1526 1282 1581 XXIII
1293 1528 1417 1579 Maximus

261 1594 427 1646 Taurinensis
440 1595 517 1663 episc.
530 1592 618 1646 homil.
628 1593 647 1645 I.
661 1595 687 1646 10
700 1593 819 1663 epiphan.
832 1594 1149 1663 Dominilnniliusepisc.
1159 1592 1418 1649 10·(1000010.101..’161

262 1670 288 1713 et
299 1662 340 1713 su.
369 1661 544 1714 Theodoretus
557 1662 665 1716 divinor.
679 1663 772 1715 decret.
786 1663 897 1731 epitome
908 1663 952 1715 Iol.
965 1662 1023 1717 413.
1055 1663 1217 1731 Augustinus
1229 1662 1261 1715 de
1273 1662 1417 1715 adulterinis

262 1731 390 1799 coniugiis
403 1731 449 1784 lib.
463 1730 494 1782 Il.
506 1747 561 1799 cap.
575 1730 633 1784 XII.
647 1730 678 1782 ad
692 1729 868 1783 coelestinum
880 1730 911 1783 de
923 1736 1030 1800 peccato
1043 1731 1170 1800 origenali
1182 1732 1228 1785 lib.
1241 1730 1274 1783 II.
1293 1747 1316 1783 c.
1327 1730 1418 1785 XXIII

261 1883 311 1918 res.
323 1866 402 1918 LXII.
415 1872 440 1918 et
452 1867 555 1919 LXVII.
583 1867 674 1919 Petrus
686 1867 847 1920 Lombardus
859 1874 970 1919 sentent.
982 1868 1026 1920 llb.
1039 1867 1082 1920 IV.
1094 1867 1207 1920 distinct.
1221 1796 1420 1929 ICXXULMthdd

197 1960 200 1967 ·
262 1953 303 1986 res
315 1936 379 1987 borea
391 1939 424 1987 sit
437 1940 576 2002 contupium
590 1954 637 1986 uon
649 1938 721 1987 ruodo
734 1954 763 1987 es
775 1937 950 2004 reprobatur,
967 1938 1033 2004 quod
1052 1938 1166 1988 dominus
1182 1936 1278 2003 tegitur
1289 1940 1419 1988 instituisse

263 2007 403 2069 coniugium
415 2008 481 2056 iuter
489 2008 586 2071 primos
595 2014 730 2073 parentes:
746 2006 792 2055 sed
808 2008 884 2056 etiarn
902 2006 968 2073 quod
981 2008 1009 2055 irs
1022 2003 1095 2055 Caua
1110 2004 1229 2056 Golileae
1241 2022 1275 2055 rsu
1295 2008 1337 2056 tiis
1347 2007 1418 2055 iuter·

254 2075 310 2137 sirit
322 2072 444 2134 Christus,
458 2091 547 2140 easque
559 2074 683 2123 miraculo
697 2076 884 2134 commendarit,
899 2090 967 2141 nque
978 2076 1006 2123 in
1019 2078 1101 2123 riuum
1113 2090 1245 2125 conuersa.
1290 2070 1419 2125 stistinet

260 2138 349 2193 XXX.
370 2138 417 2191 Est
426 2142 516 2208 ,finalis
534 2158 615 2192 causa
633 2144 788 2192 matrimonii
803 2140 971 2192 contrahendi
981 2144 1128 2209 procreatio
1142 2142 1241 2209 prolis,
1253 2150 1363 2209 propter
1377 2139 1420 2193 hos

261 2212 322 2257 enim
335 2212 442 2260 instituit
454 2211 514 2260 deus
526 2212 667 2275 couiuqium
678 2212 745 2259 iuter
752 2213 851 2277 primos
859 2218 988 2276 parentes,
1000 2209 1087 2277 quibus
1099 2211 1176 2261 dizit:
1188 2212 1298 2261 crescite
1309 2219 1335 2261 et
1345 2210 1419 2261 nulti-

254 2277 400 2343 plieoruini.
419 2275 536 2328 Sec-uada
549 2287 585 2327 est
591 2287 651 2345 post
658 2286 794 2344 peccatum
806 2277 883 2328 Adae
895 2281 985 2329 vitatio
991 2280 1184 2344 fornicationis,
1198 2278 1266 2329 uude
1278 2281 1318 2330 rsit
1326 2286 1419 2397 γαῖα

260 2344 312 2395 tur:
321 2355 428 2413 propter
433 2349 632 2413 fornicationem
645 2349 808 2413 unusquisqne
819 2344 914 2397 habeat
923 2363 1022 2396 uxorem
1032 2362 1113 2409 suum,
1125 2356 1149 2397 et
1157 2363 1324 2416 ursaquaeqrse
1350 2346 1420 2397 nbeut

262 1805 288 1850 et
300 1806 416 1866 sequent.
446 1797 603 1851 Athanasius
616 1806 705 1850 contre
717 1816 806 1851 ornnes
819 1798 937 1851 haereses
949 1806 1011 1851 tom.
1026 1798 1171 1851 11011153.
1189 1798 1238 1869 Epi

259 2430 339 2463 virum
350 2432 428 2464 81111111.

195 2500 200 2509 ·
310 2479 371 2550 Cap.
384 2480 520 2533 LXIV.-
549 2481 641 2533 Melior
658 2486 699 2533 est
716 2481 886 2550 continentia]
915 2480 1081 2533 Bemhardns
1099 2480 1130 2534 de
1143 2480 1221 2535 modo
1238 2482 1306 2535 bene
1323 2480 1420 2535 rirsudi

259 2564 335 2601 serm.
349 2548 436 2602 XXII.
448 2549 492 2603 Iol.
508 2548 580 2601 tres.
612 2549 685 2600 Bona
704 2560 740 2601 est
756 2555 865 2601 castitas
882 2553 1036 2617 cornupetis,
1054 2552 1100 2601 sed
1116 2554 1205 2603 melior
1221 2559 1260 2601 eet
1270 2554 1420 2603 continentis

259 2619 486 2685 vidualis,optimo
500 2619 861 2684 000010109011000009100110.
892 2617 948 2669 Vid.
965 2618 1048 2671 Autor
1065 2618 1096 2671 de
1108 2618 1268 2671 continentis
1287 2618 1356 2689 apud
1372 2620 1420 2671 su·

259 2686 356 2754 gustin.
370 2692 434 2738 tom.
447 2684 488 2737 IV.
501 2685 544 2737 Iol.
558 2685 616 2737 703.
629 2692 655 2737 et
667 2701 720 2754 seq.
750 2685 844 2738 Ilieron
865 2702 924 2738 mus
941 2686 967 2737 in
980 2688 1054 2755 epist.
1065 2684 1139 2739 Pauli
1157 2686 1189 2739 ad
1203 2684 1313 2741 Gslstss
1324 2688 1370 2741 lib.
1381 2684 1421 2741 IV.

260 2770 315 2824 cap.
329 2754 358 2806 V.
390 2753 460 2806 Beda
473 2761 535 2806 tom.
549 2753 603 2807 VII.
621 2752 709 2807 homil.
727 2752 831 2808 hienral.
843 2703 874 2806 de
886 2761 1003 2823 ternpore
1014 2754 1058 2807 iol.
1071 2752 1129 2807 285.

310 2821 371 2892 Cap.
384 2823 462 2875 LXV.
474 2854 507 2861 -
534 2822 675 2891 Vtrgiuitas
689 2830 798 2890 utroque
811 2822 879 2875 bono
891 2823 1047 2891 praecelsior
1059 2822 1108 2893 est]
1138 2822 1166 2876 S.
1177 2822 1284 2887 Paulus,
1296 2828 1323 2877 et
1333 2838 1420 2877 omnes

258 2899 345 2961 patres
359 2891 476 2943 unanimi
487 2908 615 2943 consensu
634 2891 810 2959 virginitatem
823 2892 972 3011 praeterunt
983 2891 1087 2961 nuptiis.
1116 2890 1214 2945 Paulus
1230 2892 1265 2945 sd
1276 2890 1421 2947 Corinth-I.

258 2959 389 3079 ttdll.
415 2958 1421 3099 itttrtttttti,trister..ttzttt‘ttrustili

258 3100 403 3161 cirpim'tas,
416 3099 472 3148 ideo
486 3099 577 3147 ntalem
589 3108 626 3148 eet
638 3100 787 3162 coniugium,
799 3097 921 3147 seds'llud
932 3098 1028 3163 quidem
1041 3100 1067 3147 in
1081 3101 1156 3159 erius,
1174 3098 1289 3167 alioquiis
1300 3099 1388 3151 bessus
1399 3106 1422 3151 st

259 3166 348 3229 iputm.
378 3163 410 3213 Et
426 3163 456 3215 de
474 3165 568 3243 virgin.
586 3171 649 3217 tom.
663 3164 692 3216 V.
704 3180 767 3283 cap.
783 3162 835 3243 XI..
860 3163 1036 3244 Damascenus
1066 3181 1080 3216 e
1098 3163 1149 3219 fide
1166 3164 1305 3219 orthodox.
1322 3164 1420 3247 nutv.

258 3230 1421 3375 tedii·trististristis..issistilittttttttfttttittht

259 3374 320 3419 tent.
334 3367 377 3421 lib.
389 3366 420 3418 II.
439 3383 495 3435 cap.
508 3367 600 3419 Xl'llI.
614 3375 638 3420 et
651 3368 706 3420 XL.
736 3368 889 3437 Fulgentius
907 3369 939 3420 de
958 3369 1112 3438 virginitate
1129 3370 1162 3423 ad
1176 3368 1290 3425 Probsrn
1307 3372 1383 3451 epist.
1397 3370 1420 3425 3.

260 3434 386 3489 Gaudent.
399 3441 498 3487 tractat.
512 3435 577 3489 VIII.
589 3435 634 3488 fol.
649 3437 689 3490 to.
720 3436 841 3491 Nazianz.
860 3437 890 3489 do
907 3438 983 3490 laude
1001 3438 1115 3507 virginit.
1132 3444 1158 3491 et
1174 3446 1240 3495 orat
1252 3438 1317 3493 XX.
1328 3456 1356 3493 ιιι
1368 3440 1421 3493 lsu·

259 3503 317 3556 dem
330 3504 419 3555 Basilii
431 3504 529 3571 Magni.
559 3503 683 3556 Athenas.
703 3505 734 3556 ad
752 3509 871 3559 Anunon.
884 3504 1049 3560 Monachum.
1066 3516 1130 3559 tom.
1142 3506 1166 3559 2.
1178 3506 1223 3561 fol.
1235 3506 1278 3563 43.
1307 3506 1420 3563 Isidorus

193 3623 196 3631 ,
257 3570 388 3625 Pelusiotn
401 3566 501 3641 epistol.
514 3572 557 3625 lib.
570 3572 593 3624 2.
609 3574 683 3641 epist.
697 3574 841 3627 CXXXIII.
855 3574 929 3643 epist.
943 3572 1071 3629 CCCLIII.
1084 3576 1128 3627 lib.
1139 3576 1165 3627 4.
1177 3576 1253 3647 epist.
1265 3575 1347 3631 CXV.
1365 3576 1421 3631 sel·

257 3642 337 3729 pitius
354 3642 465 3693 Severus
483 3641 526 3693 lib.
539 3640 562 3692 ·2.
581 3639 611 3693 de
630 3641 683 3693 vita
699 3642 813 3696 Martini.
843 3642 1008 3722 Rescriptum
1026 3644 1112 3712 episeo
1132 3660 1207 3697 orum
1222 3644 1375 3699 'solensium
1389 3644 1421 3699 sd

259 3710 385 3777 syricium
395 3709 442 3763 Pl'.
456 3716 518 3763 tom.
533 3709 551 3763 I.
571 3708 668 3761 Concll.
680 3709 725 3762 fol.
737 3710 795 3762 122.
819 3711 972 3763 Ambrosius
984 3712 1059 3791 epist.
1072 3660 1131 3764 VHp
1137 3712 1183 3765 tol.
1197 3710 1253 3765 185.
1265 3720 1317 3767 ets
1353 3720 1420 3767 trent.

257 3777 489 3899 {uuiliusleprllclop
502 3778 638 3831 Africanus
656 3779 683 3830 in
701 3777 815 3833 Genesin
831 3778 877 3834 el.
890 3778 932 3833 30.
962 3778 1124 3849 Eprphanius
1140 3786 1233 3834 coutrs
1248 3780 1329 3853 Origo
1393 3798 1421 3837 os

277 3861 356 3898 aeres.
391 3882 403 3898 .
455 3887 461 3898 .

309 3914 370 3993 Cap.
383 3914 473 3966 LXVI.
486 3946 519 3953 -
543 3914 648 3967 Bonum
660 3920 700 3967 est
711 3915 797 3967 cibum
810 3931 869 3968 cum
882 3915 1025 3986 gratiarum
1037 3918 1140 3971 actione
1151 3920 1266 3985 sumere]
1288 3916 1327 3972 110
1338 3920 1422 3989 gratis

257 3990 317 4051 post
329 3984 414 4035 citrum
427 3984 474 4035 deo
493 3984 607 4047 agenda,
625 3983 758 4037 homiliam
773 3985 878 4053 scripsit
893 3985 1026 4037 Maximus
1042 3985 1210 4041 Taurinensis
1229 3988 1379 4059 episcopus,
1394 3994 1421 4043 ut

257 4058 329 4103 notat
343 4050 492 4103 Gennadius
505 4050 535 4101 de
548 4053 609 4104 viris
622 4053 773 4105 illustribus.
803 4052 855 4105 Sed
872 4060 898 4105 et
909 4064 968 4106 ante
986 4054 1074 4107 cibum
1086 4062 1186 4109 veteres
1199 4054 1364 4111 Christianos
1376 4074 1420 4111 uo·

256 4134 316 4171 men
327 4119 424 4171 domini
435 4120 579 4193 invocasse,
592 4122 713 4173 ercitum
726 4128 867 4191 potumque
882 4122 959 4191 signo
973 4123 1058 4175 crucis
1066 4122 1196 4192 signasse,
1205 4122 1334 4195 Origenes
1344 4124 1422 4181 trsdit

256 4186 301 4239 Iib.
315 4187 337 4239 3.
351 4188 377 4239 10
390 4188 442 4239 101).
455 4188 498 4240 Iol.
512 4187 569 4240 210.
597 4192 627 4239 Si
639 4208 692 4239 cnm
706 4192 887 4241 mariducumes
899 4200 924 4242 et
935 4191 1039 4242 bibimus
1041 4193 1108 4259 fidei
1120 4210 1239 4245 mersores
1242 4200 1382 4261 pistrinus,
1399 4206 1423 4249 et

257 4256 370 4307 terribile
382 4274 467 4307 riomeu
479 4258 573 4308 dorrriui
585 4261 795 4320 incomminus,
813 4262 838 4310 si
855 4262 1016 4328 nosmetipsos
1032 4268 1056 4310 et
1071 4260 1153 4311 cibum
1165 4260 1300 4331 retpotssss
1312 4272 1422 4317 mm

256 4328 328 4391 etym
341 4325 492 4375 cerserubilts
504 4328 588 4376 crum's
600 4324 697 4377 Christi
707 4331 899 4393 reponsorium,
911 4331 936 4379 si
947 4329 985 4379 ael
995 4328 1093 4379 caelans
1104 4329 1190 4381 oculos
1201 4340 1301 4383 uostm
1308 4332 1422 4385 10000100

258 4393 385 4443 dicamne:
398 4396 440 4460 qni
451 4393 500 4443 dae
512 4410 595 4445 esrom
607 4400 673 4445 omri
685 4399 772 4457 corat,
791 4396 826 4447 do
839 4398 915 4447 estam
928 4397 998 4448 nobis
1009 4413 1065 4447 cum
1077 4397 1249 4451 descedit-tinas
1259 4396 1327 4451 truse
1340 4400 1423 4453 sibu·

257 4477 352 4512 seruere
364 4468 411 4513 etc.
430 4458 544 4514 Obserro
558 4477 661 4531 quoque
677 4462 745 4531 apud
763 4462 922 4517 Clementem
940 4464 1085 4533 baptisatus
1102 4482 1155 4519 non
1170 4464 1345 4521 msndusssss
1361 4482 1421 4523 curs

256 4526 342 4581 illotis.
360 4529 400 4581 Ita
412 4529 482 4582 enirn
492 4528 537 4582 lib.
546 4528 565 4582 I.
578 4530 702 4598 recognit.
715 4530 760 4584 101.
775 4532 814 4585 10.
824 4532 923 4601 iuquit:
942 4532 1003 4585 Cum
1019 4532 1085 4587 haec
1096 4535 1215 4599 disisset,
1229 4540 1420 4591 000001101σί-

257 4592 312 4646 tom
324 4608 428 4666 caperet
438 4616 493 4651 cum
504 4602 569 4660 suia·
581 4616 619 4649 me
631 4606 713 4650 autem
724 4604 828 4652 seorsim
839 4604 908 4654 ossei
918 4606 998 4653 iussit.
1028 4600 1066 4655 Et
1074 4612 1135 4672 post
1150 4602 1234 4657 cthssss
1250 4622 1309 4659 ssss
1319 4604 1420 4661 tusd-
