3046 5124
246 343 297 428 '46
755 358 905 401 emnem

255 537 330 582 vum
345 516 421 601 quid
434 515 541 581 volens
562 518 730 582 commenti
751 516 822 581 falsi
843 517 1009 581 decernere
1036 534 1129 599 qnam
1148 513 1357 583 Valentinus
1378 517 1432 583 de-

257 627 322 686 ctor
337 622 405 685 eius
419 626 468 685 est
481 622 657 685 ementitus.

130 736 180 787 ean·
192 737 238 778 xb-
311 725 386 789 Post
404 724 486 788 hunc
508 723 635 808 quidam
655 722 818 787 Secundus
838 724 963 787 nomine
983 721 1107 786 Aeones
1133 721 1291 787 similiter
1314 722 1433 790 docens

256 827 372 892 ¹laotos
387 826 513 909 adserit,
528 832 634 891 tamen
648 826 788 890 infinitos
794 836 815 888 ⁸.
845 825 1004 889 Christum
1019 830 1124 888 autem
1139 826 1232 908 quasi
1247 845 1314 910 per
1328 826 1432 912 phau·

254 933 365 995 tasiam
380 933 579 1016 apparuisse,
593 927 626 992 id
642 932 690 992 est
703 927 801 993 veluti
816 928 994 1009 umbramb‚
1009 927 1145 992 humano
1161 931 1296 1013 generi,
1319 936 1356 994 et
1370 950 1432 995 nou

254 1053 359 1098 veram
374 1053 501 1098 carnem
515 1032 651 1097 hominis
666 1030 814 1095 habuisse
830 1033 1016 1115 suspicatur.

118 1145 167 1197 Cen·
180 1147 239 1187 XLI·
316 1137 393 1202 Post
406 1137 489 1200 hunc
504 1133 678 1199 Heracleon
694 1133 867 1218 discipulus
887 1136 1007 1218 ipsius·
1026 1135 1177 1215 surrexit,
1196 1132 1319 1200 dicens
1340 1138 1431 1222 prin·

254 1241 371 1324 eipinm
386 1259 454 1303 esse
470 1258 578 1319 uuum,
593 1256 686 1321 quem
701 1236 861 1301 dominum
876 1235 1028 1322 appellat,
1050 1234 1162 1299 deiude
1177 1234 1218 1301 de
1233 1237 1302 1302 hoc
1319 1245 1432 1303 natum

253 1341 368 1423 alium,
389 1341 488 1424 deque
508 1341 558 1404 his
579 1339 699 1405 duobus
719 1341 951 1421 generationem
969 1338 1139 1403 multorum
1164 1341 1288 1405 asserit
1307 1344 1431 1428 princi·

253 1447 386 1529 piorum,
402 1464 474 1508 cum
489 1445 554 1508 suis
569 1441 679 1507 itidem
695 1440 831 1506 delirans
847 1441 1035 1509 doctoribus.

320 1647 383 1718 Gap.
394 1648 450 1701 XL.
463 1651 490 1699 in
503 1647 584 1699 Bate.
596 1651 744 1716 inscriptum
754 1656 791 1698 est
801 1646 949 1700 Sscvnnvs.
962 1674 995 1684 -
1014 1645 1036 1697 l.
1049 1644 1146 1699 adserit
1156 1643 1242 1699 raetos
1253 1645 1384 1703 infinitos
1397 1649 1430 1701 A.

320 1715 382 1786 Gap.
394 1716 462 1771 XLI.
473 1721 501 1768 in
515 1716 595 1768 Bate.
607 1719 757 1785 inscriptum
770 1715 847 1768 hahet
855 1715 1026 1768 Hennenses.
1038 1744 1072 1754 —

343 1908 348 1924 ,
430 1889 444 1910 rr
616 1887 621 1899 ⁴
784 1885 795 1914 r
909 1914 912 1927 ⁹
1033 1916 1065 1925 —
1198 1883 1205 1897 ·
1319 1885 1351 1902 “·
1411 1889 1428 1929 ⁹·
1465 1876 1469 1887 '

251 1887 807 2026 ilriiyitiietwliirssriiiinlatiriiilciutimenitimini
856 1885 1065 2024 tosiahoiipud
1080 1884 1428 2023 illeiisseciiiriiriiinnhlffliii·

251 2030 362 2094 spamam
370 2029 482 2095 primam
498 2035 524 2077 ee
534 2024 694 2092 arcteponon
705 2033 806 2075 octona·
857 2025 945 2088 venio,
980 2024 1007 2075 ui
1023 2023 1054 2075 de
1067 2022 1186 2075 Secundo
1199 2021 1341 2079 haeretico
1353 2042 1427 2079 meu·

251 2099 340 2146 tionem
349 2094 389 2146 tir
398 2096 536 2147 nominibus
544 2097 740 2155 nominaverunt,
750 2096 806 2161 pri·
856 2093 954 2145 tionem
963 2040 1079 2155 iaciunt,
1096 2096 1125 2143 nt
1140 2090 1161 2143 n}
1179 2089 1311 2160 iphenins
1330 2098 1361 2147 et
1375 2095 1427 2148 Da·

250 2181 317 2214 mom
343 2162 497 2234 proarchen‚
519 2164 609 2215 deinde
632 2167 804 2225 anennoeton,
856 2176 993 2213 maseenus
1014 2159 1128 2230 [Tamen
1145 2107 1179 2211 ah
1201 2157 1349 2216 haereticis
1370 2164 1427 2246 pui-

250 2236 350 2284 tern‘am
362 2241 443 2285 autem
453 2230 586 2296 arrheton,
598 2240 622 2283 et
632 2239 749 2300 quartem
760 2245 804 2281 ao·
855 2229 966 2282 busdam
975 2225 1029 2279 aner
1045 2245 1085 2287 ους
1095 2228 1196 2280 Aeonas
1204 2227 1335 2285 inductos
1343 2232 1427 2285 huss

249 2306 331 2363 raton.
355 2300 392 2353 Er
408 2303 439 2353 de
455 2305 544 2370 primo
561 2302 658 2368 quidem
674 2298 804 2368 proarche
855 2302 958 2350 constat
973 2313 1007 2349 ex
1024 2247 1162 2349 honestus.
1178 2294 1302 2365 Apostol.
1315 2299 1379 2366 VI„
1390 2299 1427 2371 8.]

250 2374 364 2421 errassem
381 2387 433 2421 erse
446 2373 530 2438 primo
551 2377 575 2419 et
590 2372 673 2436 quinto
690 2369 744 2418 loco
764 2382 804 2418 ar·
854 2367 960 2419 Hueresi
970 2365 1011 2418 32.
1023 2365 1185 2434 Augustinus
1195 2365 1337 2421 etAuetor
1347 2368 1427 2422 Prae-

250 2437 327 2503 ehen,
340 2456 370 2491 ca
379 2447 514 2490 anennoeto
522 2438 631 2489 serundo
640 2444 665 2487 et
673 2445 741 2487 sesto
750 2436 804 2486 loco
855 2435 976 2488 destinati
988 2449 1044 2554 cap.
1060 2433 1097 2485 12.
1110 2431 1291 2486 Theodoretus
1304 2437 1356 2490 lib.
1368 2438 1383 2489 l
1395 2437 1426 2491 de

250 2508 425 2576 acatalepton,
441 2515 466 2558 et
480 2508 511 2557 de
527 2504 630 2557 arrheto
647 2508 720 2554 tertio
732 2512 803 2555 etse·
853 2503 994 2556 Haereticis
1032 2501 1116 2554 abulis
1128 2517 1184 2570 cap.
1196 2499 1220 2553 8.
1239 2501 1426 2559 Tertullianus

246 2579 325 2643 ptimo
337 2577 390 2626 loro
399 2578 600 2627 anonomaston:
614 2574 645 2623 de
656 2581 746 2623 eornm
758 2589 803 2621 aa·
854 2577 945 2624 contra
960 2570 1157 2624 Valentinianos
1174 2585 1196 2621 c.
1212 2567 1256 2623 38.
1275 2577 1306 2624 et
1323 2573 1427 2628 Auctor

250 2653 297 2694 tem
315 2652 404 2711 quarte
422 2651 447 2693 et
464 2651 553 2693 octauo
574 2642 627 2692 loco
648 2644 803 2708 agenneton.
853 2639 1003 2720 appendicis
1015 2639 1048 2690 ad
1059 2638 1165 2691 Tertull.
1181 2653 1238 2706 cap.
1251 2638 1295 2692 49.
1315 2648 1347 2694 et
1358 2642 1427 2697 auti·

249 2711 368 2762 Pleroma
378 2710 426 2762 doc
432 2714 535 2779 primae
544 2710 675 2776 oqdoudr'r.
693 2706 752 2757 Hae
762 2725 803 2757 ro·
855 2725 929 2777 quior
940 2706 981 2759 his
993 2707 1114 2760 omnibns
1125 2706 1248 2759 irenaeus
1261 2707 1310 2761 lih.
1328 2711 1353 2763 1.
1366 2710 1427 2765 ah

250 2781 305 2830 lunt
312 2783 418 2830 virtutes
423 2781 506 2847 fuisse
519 2786 577 2828 ante
589 2775 679 2843 bython
691 2784 715 2826 et
725 2778 803 2842 sr'qen,
853 2776 960 2839 (Febr.)

249 2849 625 2916 ntperjectorumpersectr'ones
635 2843 804 2912 appareant”
888 2845 912 2897 b.
931 2844 1011 2897 veluti
1028 2842 1158 2912 umbram]
1177 2842 1264 2912 Supra
1279 2860 1307 2914 p.
1322 2845 1371 2899 56.
1384 2848 1426 2901 64.

248 2916 318 2969 Ilaec
334 2914 433 2968 Irenaei
448 2914 528 2966 rerba
544 2911 685 2965 Ptolemaei
702 2916 802 2963 senten·
854 2911 895 2965 68.
912 2913 978 2966 Hinc
989 2929 1093 2966 earnem
1105 2911 1199 2964 Christi
1212 2927 1228 2962 a
1239 2910 1427 2971 Secundinum

248 2984 312 3036 tiam
324 2988 467 3053 exponunt.
484 2981 583 3034 Deinde
595 2997 617 3033 c.
630 2979 654 3032 6.
666 2979 803 3043 (Missum.
854 2997 886 3034 ne
907 2982 945 3034 ari
956 2982 1046 3034 scribit
1056 2981 1241 3033 Damascenus.
1266 2976 1331 3047 (IV.)

251 3052 298 3121 ill
309 3052 378 3105 idem
388 3051 510 3103 irenaeus
521 3055 596 3103 notat
607 3048 734 3118 quosdam
744 3048 802 3100 Pto·
888 2997 950 3120 hap.
966 3049 1035 3103 XLI.
1054 3080 1087 3089 —
1109 3065 1132 3101 a.
1156 3048 1220 3101 disci
1238 3048 1301 3102 ulus
1321 3051 1426 3124 ipsius]

248 3121 340 3173 lemaei
364 3119 504 3200 discipulos
524 3119 582 3200 'alia
606 3117 665 3199 insu
679 3134 712 3199 'er
734 3134 802 3198 com·
853 3119 911 3200 Non
922 3121 1034 3200 multum
1046 3117 1212 3199 tribuendum
1220 3065 1286 3170 huic
1296 3122 1426 3177 testimo·

248 3190 448 3325 illiniti?
459 3193 803 3307 ilissinrrlmriiliili
853 3185 1426 3325 'geintistat”elementia

247 3330 405 3388 smennoree,
424 3327 489 3377 dnae
506 3327 623 3391 eoniupes
639 3323 732 3375 hahere
749 3341 803 3374 eum
853 3325 980 3394 scipulus‚
997 3325 1039 3376 vel
1050 3324 1153 3376 Marcus
1170 3322 1213 3391 (de
1225 3337 1278 3390 que
1290 3324 1369 3379 infra
1380 3342 1425 3381 ca·

250 3393 350 3461 Bython
362 3395 455 3456 dieunt,
467 3393 802 3462 quoeetdr'epoer'n‘onesve·
871 3393 906 3445 ite
927 3393 1046 3463 proximo
1079 3391 1244 3444 Heracleenis
1268 3408 1424 3451 successor.

248 3471 320 3524 carri,
338 3461 462 3514 Ennoeon
478 3470 503 3512 et
521 3460 655 3513 Theleein”
669 3465 717 3512 etc.
740 3459 801 3513 Ter·
852 3410 919 3513 ilem
952 3461 1020 3513 and
1048 3397 1223 3529 ilpiphanium
1252 3457 1424 3519 colorbasus

248 3531 371 3583 tullianus
389 3546 410 3582 c.
427 3529 469 3582 33.
489 3534 579 3582 contra
593 3528 801 3582 Valentinianos:
852 3530 948 3594 Marco,
985 3527 1252 3582 eracleonColorbaso
1264 3529 1422 3587 subiicitur.

250 3599 412 3660 „lr'rtiremnn
421 3603 486 3650 enr'm
495 3600 526 3650 de
537 3597 713 3666 echolaipm'us
725 3599 801 3649 disci·
851 3598 973 3651 Vicissim
985 3596 1134 3650 Secundum
1148 3597 1302 3649 Heracleeni
1319 3606 1351 3651 et
1362 3618 1423 3656 ms-

244 3669 302 3736 puli
309 3686 385 3737 snper
392 3671 553 3734 moqietrnm,
566 3668 736 3718 emendatores
744 3665 802 3716 Pto-
852 3682 915 3734 gum
926 3667 1044 3719 Marcum
1056 3664 1174 3717 Secundo
1190 3664 1297 3717 subiicit
1311 3666 1422 3724 Tor-tul.

247 3737 348 3799 lemcer',
372 3736 531 3805 quintuplex
554 3738 695 3801 contupium
719 3733 802 3800 Bytho
852 3734 935 3788 lienus
948 3740 1038 3787 contra
1048 3733 1245 3788 Valentinianos
1257 3749 1279 3784 c.
1291 3733 1318 3786 4.
1358 3738 1422 3805 (F.)

246 3823 290 3856 eno
299 3807 464 3874 adfinperent
478 3803 659 3871 Coqitctr'onem
671 3812 697 3854 et
709 3802 801 3855 Volun—
886 3804 911 3856 b.
929 3803 960 3855 de
977 3802 1026 3855 hoc
1041 3808 1131 3854 natum
1148 3800 1233 3870 aliud]
1250 3800 1308 3854 Imo
1321 3819 1360 3858 ex
1373 3807 1422 3860 illa

247 3873 349 3926 tratem.”
382 3874 470 3927 Minus
498 3876 616 3924 accurate
642 3870 691 3940 Epi
709 3869 810 3922 hanins·
852 3872 962 3924 monade
972 3871 1031 3923 duo.
1044 3871 1139 3924 Auctor
1148 3869 1298 3940 appendicis
1306 3873 1343 3924 ad
1353 3874 1422 3929 Ter·

245 3941 369 3995 XXXIII.
384 3943 405 3994 l.
422 3942 473 4011 ipsi
484 3939 533 3993 hoc
543 3940 635 3992 tribuit
645 3887 802 4005 Pteiemaeo,
853 3941 907 3992 tull.
920 3956 976 4009 cap.
985 3940 1026 3991 49.
1046 3940 1206 4001 „introducit
1214 3941 1337 4007 inprimis
1348 3945 1423 3998 illud

246 4012 434 4064 utMassuetus
450 4027 476 4080 p.
488 4009 584 4064 XLIX.
600 4008 661 4060 diss.
676 4007 801 4088 praeviat.
847 4013 931 4077 fnisse
953 4009 1019 4076 qnod
1034 4012 1203 4077 pronunciat,
1224 4016 1249 4058 et
1267 4009 1367 4062 deinde
1388 4030 1422 4065 es

246 4079 273 4130 in
284 4079 418 4133 Irenaeum
433 4077 539 4149 pulchre
552 4078 707 4130 observant.
726 4073 803 4156 [Cum
853 4079 901 4128 illc
920 4078 1027 4127 monade
1049 4079 1109 4139 dno,
1130 4095 1163 4128 cc
1187 4077 1277 4127 deinde
1301 4079 1356 4130 reli

246 4144 802 4218 spihanins.Arnmsiusn1.c.nnan0s
854 4146 964 4196 Aeonas.
995 4145 1093 4196 Drirrde
1109 4146 1343 4198 introductionem
1389 4170 1421 4203 a.

245 4232 269 4284 p.
343 4216 403 4269 edit.
414 4215 674 4269 Moutiauceuianae:
695 4210 802 4278 „llrole-
854 4213 994 4264 lentinum'·
1017 4212 1112 4265 Confer
1129 4229 1195 4282 qnae
1207 4212 1238 4264 de
1250 4212 1421 4273 Heracleene

245 4288 316 4370 pater
328 4284 375 4367 Ῐὰρ
388 4281 402 4335 ὃ
415 4283 578 4337 Οὐαλεντίνου
595 4279 639 4351 ἔφη
655 4281 699 4332 δύο
712 4280 740 4342 ζυ
759 4280 800 4339 οὺς
851 4279 1011 4350 Epiphanius
1024 4287 1050 4333 et
1060 4282 1238 4334 Damascenus
1249 4281 1364 4338 Haeresi
1373 4286 1420 4341 36.

244 4371 306 4423 erem
323 4371 365 4404 τον
377 4352 527 4436 Ἀχέννητον,
539 4347 653 4401 ”Eunonen
670 4349 742 4400 nolti
771 4367 800 4415 n·
851 4349 1012 4418 Augustinus
1029 4355 1055 4402 et
1070 4349 1257 4431 Vraedestinati
1272 4349 1378 4433 Auctor
1395 4372 1420 4410 e.

244 4412 799 4557 {tratt?illst?inlisisinlisis:
851 4416 1421 4556 litlllidillssllttllttiiit

244 4557 263 4609 εἰ
276 4556 310 4628 μὴ
326 4555 366 4608 ὅτε
379 4555 419 4607 nnl
435 4553 502 4621 ὅτεὴ
518 4560 562 4608 τοῦ
579 4554 799 4624 drisiparentium
850 4553 934 4607 Photii
945 4555 1124 4627 Amphilochia
1140 4571 1196 4627 cap.
1208 4555 1265 4608 246.
1283 4563 1311 4608 et
1328 4557 1419 4632 Epist„

244 4645 283 4696 μις
294 4624 439 4697 ἐπεγίνετο]
464 4624 523 4690 (F.)
853 4622 919 4693 134]
936 4625 994 4690 (F.)
