3046 5124
274 369 336 434 300
499 367 787 410 PCBWOAEOEROW
799 367 950 410 murcunus
962 368 1002 411 ms
1014 367 1197 411 muamus.

274 527 423 589 cientium
434 527 608 589 coitionem.
630 524 1422 611 Etadconfirmandam⁵huiuscemodiimpietatem‚

275 648 352 712 quao
368 627 460 691 deum
469 630 587 697 ‚asserit
601 649 620 690 a
634 648 690 692 sua
703 648 827 691 versum
842 633 963 708 natura,
980 633 1093 710 cogunt
1107 627 1320 711 evangelistae
1335 630 1421 692 testi·

274 731 411 794 monium
425 729 569 811 dicentis,
583 730 621 793 lit
634 732 764 795 verbum
779 751 848 794 caro
860 730 977 794 factum
988 737 1050 808 est;
1066 729 1149 813 quod
1160 732 1205 793 ita
1215 732 1423 815 interpretan-

273 840 337 896 tur:
352 831 465 896 Divina
479 837 589 896 natura
603 835 636 895 in
650 832 818 896 humanam
832 853 923 896 versa
938 837 993 896 est.
1030 830 1073 895 6Ο
1089 831 1293 897 abolitionem
1311 830 1359 895 illi
1378 834 1424 895 iu-

272 934 409 998 violabili
423 934 666 1020 'impingentem
678 934 885 999 substantiae!
908 934 1006 999 Huius
1018 934 1188 1018 impietatis
1202 934 1363 998 ⁸initiator
1373 933 1424 997 Ti·

273 1037 431 1118 motheus,
450 1037 532 1122 apud
551 1037 658 1101 Bizam
677 1036 859 1120 ⁹ssithyniao
880 1036 970 1100 modo
986 1032 1115 1101 exulans
1130 1038 1308 1129 civitatem,
1328 1038 1425 1100 eonti-

273 1142 377 1202 nentis
393 1145 424 1202 et
438 1139 598 1222 religiosae
612 1140 695 1203 vitae
711 1139 874 1221 ¹⁰imagine
889 1139 1002 1203 multis
1010 1137 1123 1203 unos

128 1235 178 1286 ⁰⁸¹³·
191 1235 258 1275 Μ·
336 1241 518 1306 bonosiaci·
532 1264 551 1305 a
564 1242 684 1306 Bonoso
700 1242 833 1325 quodam
849 1244 993 1326 episcopo
1005 1240 1189 1326 produntur,
1204 1243 1259 1324 qui
1271 1239 1427 1306 Christum

275 1345 373 1408 lilium
389 1344 439 1407 dei
454 1345 643 1429 adoptivum,
658 1365 720 1408 non
736 1345 906 1428 proprium,
921 1349 1073 1408 asserunt.

117 1439 168 1490 ⁰⁸¹²·
180 1440 257 1480 ΜΠ·
337 1445 506 1530 acephali·
521 1445 611 1527 dicti,
633 1446 666 1510 id
685 1452 733 1510 est
752 1447 820 1510 sine
841 1448 941 1531 capite
962 1466 1054 1528 quem
1075 1451 1248 1529 sequuntur
1268 1444 1426 1510 haeretici.

274 1548 385 1612 Nullus
406 1550 489 1611 euim
509 1569 614 1612 eorum
635 1550 787 1632 reperitur
807 1554 912 1612 auctor
931 1569 950 1611 a
970 1567 1029 1630 quo
1045 1549 1143 1612 exorti
1157 1553 1241 1611 sunt.
1278 1549 1319 1613 Hi
1336 1548 1427 1613 trium

276 1649 577 1715 chalcedonensium
602 1650 807 1734 capitulorum
831 1653 1062 1735 impugnatores
1088 1650 1220 1714 duarum
1244 1652 1279 1714 in
1305 1649 1428 1715 Christo

275 1753 518 1816 substantiarum
532 1755 751 1837 proprietatem
767 1759 891 1835 negant,
906 1759 938 1817 et
950 1772 1046 1817 unam
1060 1751 1094 1816 in
1109 1754 1175 1817 eius
1186 1773 1325 1837 persona
1339 1758 1428 1817 natu·

276 1876 343 1919 ram
357 1854 547 1940 praedicant.
1130 1906 1134 1915 .

121 1968 171 2020 Cer·
184 1969 259 2012 XMV·
338 1957 545 2021 Theodosiani
560 1963 591 2020 et
607 1958 786 2021 Gaianitae⁸
799 1956 945 2041 appellati
960 1977 979 2020 a
993 1956 1167 2022 Theodosio
1184 1963 1217 2020 et
1232 1957 1364 2039 Gaiano,
1378 1957 1430 2042 qni
1465 2034 1470 2046 ,

275 2059 466 2145 temporibus
480 2061 644 2123 Iustiniani
666 2062 816 2144 principis
836 2059 868 2122 in
884 2058 1072 2123 Alexandria
1092 2058 1197 2144 populi
1212 2062 1354 2144 perversi
1369 2060 1429 2123 ele·

276 2165 376 2228 ctione
392 2183 453 2226 uno
469 2163 518 2226 die
535 2170 608 2226 sunt
622 2162 756 2226 ordinati
771 2164 919 2246 episcopi.
942 2161 982 2226 Hi
997 2163 1108 2226 erroris
1124 2161 1291 2245 ¹Eutyohis
1308 2166 1342 2226 et
1357 2161 1430 2226 Dio·

276 2268 356 2330 scori
386 2271 550 2348 sequentes
581 2264 833 2329 Chalcedonense
860 2263 1025 2328 concilium
1050 2270 1215 2349 respuunt,
1244 2284 1283 2328 ex
1311 2262 1430 2329 duabus

273 2387 368 2432 unam
383 2371 416 2431 in
432 2367 553 2432 Christo
568 2374 711 2430 usturam
725 2372 883 2448 asserunt,
904 2387 996 2450 quam
1011 2366 1221 2431 Theodosiani
1240 2372 1430 2452 corruptam,

275 2472 436 2536 Gaianitao
451 2473 664 2554 incorruptam
679 2469 880 2534 contendunt.

130 2569 181 2620 ⁰⁸¹*
195 2569 257 2610 Ἦ·
338 2573 506 2655 ¹Agnoitas
522 2578 554 2635 et
568 2572 757 2636 Tritheitae⁸
771 2593 789 2634 a
804 2570 1029 2636 Theodosianis
1045 2573 1144 2635 exorti
1158 2576 1248 2653 sunt,
1264 2593 1304 2636 ex
1320 2573 1431 2657 quibus

275 2675 444 2759 ²Agnoitae
459 2676 498 2740 ab
514 2674 690 2757 ignorantia
704 2674 796 2754 dicti,
816 2676 889 2757 qnia
901 2675 1104 2757 perversitati
1125 2695 1143 2736 a
1162 2694 1223 2757 qua
1243 2677 1347 2739 exorti
1362 2680 1433 2740 sunt

275 2779 308 2842 id
323 2779 484 2859 adiiciunt,
500 2777 582 2861 quod
598 2776 712 2841 Christi
729 2776 876 2841 divinitas
887 2775 1008 2858 ignoret
1019 2776 1122 2840 lutura
1133 2796 1212 2860 quae
1228 2783 1305 2841 sunt
1315 2780 1433 2863 scripta

276 2881 313 2945 de
338 2880 387 2944 die
410 2885 442 2944 et
464 2880 539 2945 hora
561 2882 746 2961 novissima,
771 2899 829 2943 nec
852 2879 1050 2943 recordantes
1073 2878 1187 2943 Christi
1211 2899 1381 2963 personam
1401 2882 1433 2944 in

274 2984 384 3048 Esaiab
399 2984 570 3067 loquentis,
591 2983 666 3048 Dies
681 2981 788 3046 iudicii
809 2981 842 3045 in
858 2981 950 3047 corde
964 3001 1044 3045 meo.
1081 2978 1273 3045 ³Trithoitac
1289 3003 1364 3048 vero
1379 3003 1432 3047 vc·

278 3089 338 3150 cati
350 3086 432 3170 quod
444 3086 526 3149 sicut
536 3094 599 3150 tres
612 3106 760 3171 personas
772 3084 806 3147 in
817 3086 967 3165 trinitate,
981 3084 1043 3168 ffita
1055 3104 1177 3167 quoque
1188 3088 1253 3149 tres
1266 3083 1434 3149 adstruunt

277 3189 350 3253 deos
366 3210 450 3269 esse,
471 3194 578 3252 contra
597 3188 674 3252 illud
694 3188 776 3272 quod
792 3187 944 3271 scriptum
963 3192 1025 3269 est,
1045 3185 1128 3250 Audi
1142 3186 1273 3268 Isradl⁰‚
1289 3186 1433 3253 dominns

276 3290 352 3354 deus
367 3296 439 3354 tuus
456 3289 531 3353 deus
546 3311 626 3354 unus
642 3295 698 3353 est.

339 3393 419 3457 Sunt
430 3399 461 3456 et
473 3390 566 3455 aliae<¹
580 3392 724 3456 haereses
737 3395 804 3456 sine
816 3398 942 3457 auctore
955 3397 986 3455 et
999 3393 1065 3456 sine
1079 3390 1258 3456 nominibus
1272 3393 1434 3478 exquibus

276 3497 655 3579 aliaetrisormemputant
667 3514 735 3557 esse
747 3495 864 3577 ⁵deum,
878 3496 956 3559 aliae
965 3494 1081 3558 Christi
1093 3494 1291 3559 divinitatem
1298 3495 1433 3582 passibi-

276 3601 337 3663 lem
353 3599 475 3680 dicunt,
490 3598 569 3661 aliae
586 3596 700 3661 Christi
717 3596 754 3661 de
769 3604 856 3683 patre
871 3597 1028 3661 nativitati
1044 3596 1169 3661 initium
1182 3598 1335 3682 temporis
1351 3599 1434 3664 dant

325 3717 350 3770 5.
361 3717 509 3769 huiusmodi
521 3717 559 3769 ed.
574 3715 667 3767 Bened.
692 3715 715 3768 6.
729 3716 761 3767 ob
773 3716 939 3768 abolitionem
951 3716 1017 3769 lieo.
1036 3714 1060 3769 7.
1073 3715 1248 3784 impingentes
1260 3714 1329 3768 Meo.
1352 3716 1377 3771 8.
1388 3717 1435 3770 ini·

275 3788 351 3839 tiator
364 3805 416 3853 eqo.
428 3786 544 3845 initiatur
552 3784 618 3835 Meo.
631 3784 733 3836 initium
743 3787 775 3836 ed
784 3785 877 3837 Bened.
895 3786 920 3837 9.
931 3783 1059 3836 bithiniae
1071 3784 1139 3836 lico.
1165 3782 1204 3836 10.
1212 3784 1358 3853 imaginem
1369 3785 1435 3838 Men.

326 3855 387 3924 Cap.
399 3854 490 3906 XLIV.
503 3884 536 3892 -
550 3854 570 3904 l.
583 3851 733 3932 Eutychctis
747 3853 816 3904 illes.

326 3922 388 3993 Cap.
401 3922 481 3975 XLV.
495 3953 527 3960 —
542 3922 563 3972 1.
577 3920 686 3973 Gnortae
698 3928 724 3973 et
735 3921 858 3974 Tritoitae
870 3922 937 3975 Meo.
989 3920 1012 3972 ⁸2.
1027 3919 1136 3974 Gnoitae
1148 3919 1215 3972 ileo.
1266 3918 1293 3976 3.
1306 3920 1434 3975 Τῐίῐοίίιο

277 3992 344 4043 Mea
395 3992 419 4043 4.
432 3992 459 4043 in
472 3990 653 4060 quoquedlen.
704 3989 729 4043 5.
743 3990 820 4042 deum
833 3992 903 4042 edidi
914 3991 1065 4043 exleidoro.
1078 3988 1209 4042 Christum
1220 3988 1291 4044 Meo.

310 4093 372 4162 Cap.
384 4092 464 4145 XLII.
477 4124 510 4132 —
528 4108 551 4145 a.
564 4091 714 4160 Bonosiacr]
732 4091 829 4144 Eadem
879 4091 985 4160 ionitae]
998 4091 1095 4143 Eadem
1103 4090 1197 4143 iisdem
1205 4091 1292 4145 verbis
1300 4091 1381 4147 reiert
1389 4092 1433 4146 lsi-

275 4163 398 4231 leguntur
410 4161 478 4230 apud
485 4160 574 4215 Isidor.
582 4161 672 4229 Origg.
681 4159 746 4224 Vlll,
757 4160 781 4224 5,
787 4160 828 4212 52.
882 4160 1039 4281 dopfrffi.
1051 4159 1118 4224 Vlll,
1129 4159 1155 4223 5,
1167 4159 1208 4212 67.

310 4262 527 4333 0616166111.-
547 4261 717 4329 anonas]
738 4261 828 4316 isidor.
879 4302 921 4348 m
951 4246 972 4349 p
1036 4228 1435 4298 ν···6Ᾱὲἔῑωῑῒῡθθὶῖῖῑῦιοί·

277 4332 366 4401 origg.
378 4331 444 4394 viu,
457 4331 528 4394 sco.
541 4280 727 4383 eanonicus.
745 4331 830 4419 verm
881 4299 947 4428 vul,
958 4297 1048 4428 5fl5⁰3¹f¹
1062 4296 1435 4368 ¹⁰g¹¹¹¹¹¹¹¹³1³¹¹l¹⁸³l⁰fissb

276 4407 656 4536 ffitlcqtilbfflllllll
680 4397 830 4531 mllio
914 4433 939 4553 l:
955 4432 1382 4569 lulllilal1⁵'o¹tltll3i‘v1.,r

277 4552 435 4605 quamquam
441 4534 633 4604 reperiuutnrin
640 4536 741 4605 scriptis
750 4535 831 4588 libris.
916 4569 939 4620 d⁸
958 4568 1140 4637 samanae]
1150 4571 1257 4623 Ham
1276 4588 1310 4625 ue
1316 4572 1350 4625 nd
1358 4571 1434 4627 nm

311 4637 373 4708 Cap.
384 4637 475 4692 XLIV.
486 4666 519 4677 -
527 4651 551 4689 a
562 4634 735 4691 Theodosiani
743 4641 770 4688 et
779 4635 830 4691 Ga·
881 4635 960 4690 habet
969 4636 1059 4694 isidor.
1072 4638 1162 4709 Orlgg.
1173 4636 1241 4705 VIII,
1252 4587 1278 4705 6,
1289 4638 1332 4695 69.

756 4811 958 4824 ψ
