3046 5124
244 352 305 418 336
650 350 790 392 enuuanu
804 352 997 393 nassummam

242 498 358 571 scendo
373 506 513 588 haberet,
529 513 561 571 et
576 514 660 572 esset
674 530 765 572 verus
782 509 859 574 dens
875 515 906 572 et
917 528 1009 572 verns
1020 507 1112 573 homo
1123 527 1207 572 unus
1223 507 1317 573 filius.
1339 507 1402 573 Non

244 631 315 693 ergo
332 610 408 674 duos
424 610 562 675 Christos
578 633 679 695 neque
696 611 771 676 duos
786 611 896 693 tfilios,
912 611 968 676 sed
984 610 1077 675 deum
1092 617 1124 675 et
1134 610 1299 676 hominem
1313 632 1404 675 unum

243 713 350 776 silium.
382 715 480 791 Quem
494 722 639 799 proptera
654 720 685 777 et
699 714 895 797 unigenitum
911 715 1059 795 dicimus,
1079 720 1265 779 manentem
1284 717 1319 778 in
1333 714 1404 777 dua·

243 816 300 880 bus
316 817 510 898 substantiis,
530 818 612 881 siout
626 819 653 880 ei
669 824 798 881 naturae
815 818 929 881 veritas
946 817 1094 899 eontulit,
1111 838 1177 882 non
1193 819 1335 882 confusis
1352 838 1404 882 na·

241 923 330 1001 turis,
346 941 447 1004 neque
458 921 621 1002 immixtis,
634 921 716 984 siout
727 920 926 984 Timotheani
937 920 1057 1001 volunt,
1070 919 1126 984 sed
1138 922 1291 985 societate
1303 920 1404 985 unitis.

241 1023 326 1089 Deus
342 1044 412 1105 ergo
428 1024 587 1087 hominem
602 1026 783 1109 assumpsit,
797 1023 889 1086 homo
902 1025 935 1087 in
951 1022 1043 1087 deum
1057 1025 1222 1105 transivit,
1237 1044 1304 1087 non
1318 1030 1404 1088 natu·

241 1147 294 1189 rae
308 1126 530 1208 versibilitate,
551 1128 651 1190 ⁵sieut
670 1126 911 1210 Apollinaristae
924 1125 1051 1207 dieunt,
1072 1124 1129 1189 sed
1145 1125 1197 1189 dei
1213 1124 1404 1209 dignatione:

241 1234 277 1291 ut
290 1249 348 1293 nee
370 1228 446 1293 deus
466 1235 639 1293 mutaretur
653 1231 687 1292 in
701 1229 871 1293 humanam
885 1227 1129 1310 ⁶substantiam,
1144 1229 1338 1294 assumendo
1353 1228 1404 1294 ho·

240 1333 375 1412 minem,
391 1353 448 1395 nee
464 1331 555 1396 homo
571 1334 604 1395 in
625 1332 780 1413 divinam,
803 1332 990 1414 glorificatus
1006 1333 1039 1394 in
1055 1329 1163 1409 deum3
1185 1333 1262 1415 quia
1276 1332 1404 1396 mutatio

241 1434 290 1497 vel
312 1435 501 1499 versibilitas
521 1442 651 1498 naturae
673 1442 704 1497 et
725 1435 964 1499 diminutionem
983 1439 1015 1497 et
1034 1433 1241 1498 abolitionem
1260 1434 1403 1500 substan-

242 1539 302 1599 tiae
319 1537 421 1601 7fauit.
460 1538 558 1602 Natus
575 1545 623 1601 est
638 1558 709 1620 ergo
726 1537 777 1601 dei
793 1536 875 1601 filius
892 1558 930 1600 ex
944 1536 1086 1618 homine,
1108 1542 1140 1601 et
1154 1557 1220 1603 non
1235 1558 1294 1623 per
1309 1536 1403 1603 homi·

241 1660 330 1719 nem,
350 1640 382 1703 id
405 1645 529 1704 estnon
546 1643 658 1704 exviri
675 1642 772 1721 coitu,
793 1642 875 1704 siout
888 1638 1012 1703 Hebion
1033 1639 1126 1721 dieit,
1147 1639 1205 1704 sed
1227 1661 1357 1705 earnem
1370 1661 1402 1703 er

240 1745 369 1824 virginis
387 1764 513 1827 eorpore
528 1743 667 1824 trahens,
684 1749 793 1807 utnon
809 1744 847 1807 de
860 1743 945 1807 eaelo
958 1762 1064 1806 seeum
1075 1742 1221 1825 afferens,
1236 1744 1402 1809 sieutMar·

242 1845 322 1926 eiou,
339 1845 488 1927 Origenes
511 1847 560 1908 8ιι
574 1845 729 1929 Eutyches
745 1846 917 1909 affirmant:
933 1859 1035 1929 neque
1050 1847 1084 1908 in
1098 1844 1284 1931 phantasia,
1307 1846 1340 1912 id
1360 1852 1403 1910 est

241 1949 359 2031 absque
376 1969 480 2029 earne,
496 1951 578 2013 siant
592 1948 813 2013 ⁹Valentinus:
830 1948 957 2031 1⁰neque
974 1936 1106 2030 deuotam,
1120 1948 1155 2013 id
1170 1954 1220 2013 est
1234 1968 1338 2033 neque
1348 1970 1402 2035 pn·

240 2053 336 2114 tative
356 2051 577 2134 imaginatum,
601 2052 657 2115 sod
679 2073 792 2137 eorpus
813 2071 938 2116 verum:
958 2050 1054 2115 11ιιοιι
1072 2056 1198 2116 tantum
1219 2072 1350 2117 earnem
1368 2072 1403 2116 ex

241 2176 344 2236 earne,
356 2157 437 2219 sieut
451 2154 639 2237 Marcianus,
655 2155 710 2219 sed
724 2175 817 2219 verus
833 2155 910 2219 dous
922 2174 961 2217 ex
973 2153 1148 2235 divinitate,
1164 2160 1303 2221 etvetus
1314 2154 1401 2220 homo

240 2279 279 2321 ex
294 2279 397 2339 carne,
413 2255 535 2321 ¹²unius
552 2257 644 2340 tilius,
658 2258 693 2321 in
708 2256 872 2321 divinitate
888 2256 1019 2321 verbum
1031 2257 1131 2342 patris
1146 2263 1179 2320 et
1193 2255 1285 2340 deus,
1299 2258 1335 2322 in
1347 2258 1400 2322 ho·

239 2364 323 2425 mine
339 2361 445 2425 anima
460 2366 491 2423 et
507 2382 587 2424 earo.
610 2361 726 2424 Anima
739 2381 803 2425 non
818 2360 935 2443 absque
952 2379 1046 2423 sensu
1062 2366 1093 2423 et
1107 2361 1243 2443 ratione,
1258 2368 1295 2425 ιιι
1308 2359 1400 2447 Apol·

241 2464 364 2545 linaris,
385 2483 487 2547 neque
509 2485 579 2528 earo
595 2462 713 2546 absque
729 2465 849 2545 anima,
868 2469 903 2526 ιιι
922 2462 1109 2544 Eunomius,
1130 2461 1188 2527 sed
1206 2466 1318 2529 anima
1335 2482 1400 2527 enm

239 2571 357 2633 ratione
374 2588 444 2648 sua,
464 2572 495 2629 et
516 2587 586 2630 earo
608 2587 679 2630 oum
699 2566 844 2631 sensibus
865 2567 946 2647 suis,
967 2586 1023 2651 per
1043 2584 1120 2648 quos
1135 2585 1251 2631 sensus
1266 2568 1400 2633 verosin

238 2673 385 2755 passione
402 2675 520 2733 etanta
536 2671 715 2752 passionem
730 2690 804 2734 suae
821 2653 924 2733 earnis
940 2667 1061 2733 dolores
1077 2670 1238 2733 sustinuit

118 2792 168 2843 cap.
183 2793 221 2834 ur.
301 2774 408 2858 Neque
428 2775 474 2836 sie
494 2779 542 2835 est
561 2778 653 2836 natus
674 2772 731 2835 1eu
749 2771 884 2855 virgine,
905 2778 940 2834 ut
959 2777 991 2834 et
1010 2769 1154 2836 2deitatis
1168 2771 1298 2837 initium
1312 2771 1399 2837 homo

239 2877 396 2942 nascendo
412 2877 583 2960 acceperit,
604 2874 694 2959 quasi
713 2881 785 2938 ante
808 2894 902 2958 quam
920 2880 1104 2938 nasceretur
1123 2894 1163 2938 ex
1182 2875 1307 2958 virgine
1327 2874 1400 2940 deus

240 3001 302 3044 non
316 2980 420 3061 fuerit,
436 2979 518 3043 siout
531 2980 683 3042 Artemon
699 2984 731 3040 et
744 2976 879 3042 Berillus
896 2983 928 3041 et
942 2976 1125 3043 ³lilaroellus
1140 2976 1335 3061 docuerunt,
1348 2974 1399 3043 sed

239 3089 384 3146 aeternus
401 3082 476 3146 deus
493 3082 631 3146 ethome
647 3102 686 3144 ex
701 3082 821 3162 virgine
836 3079 947 3144 *natus
962 3087 1021 3145 est.

121 3204 171 3254 cap.
185 3204 222 3244 rv.
301 3184 388 3248 Nihil
403 3192 542 3250 creatum
557 3190 611 3247 aut
625 3185 765 3248 serviens
779 3183 814 3247 in
828 3185 969 3247 trinitate
986 3183 1181 3266 ¹aredamus,
1194 3190 1233 3247 ut
1245 3183 1315 3249 vult
1327 3182 1399 3249 Dio·

239 3289 363 3371 nysius,
386 3288 456 3351 sons
471 3289 555 3369 Arii,
577 3286 656 3351 nihil
671 3284 851 3370 inaequale,
874 3284 928 3350 ἱἰιι
946 3286 1134 3369 Eunomius,
1155 3286 1238 3351 nihil
1256 3284 1399 3373 ³aequale

288 3476 312 3528 4.
326 3475 396 3528 Edit.
410 3478 446 3536 (et
462 3476 499 3525 ed.
513 3472 641 3537 Elmeot.)
658 3473 727 3526 filios
744 3473 869 3538 fatemur,
887 3473 933 3525 sed
951 3482 1006 3527 cett.
1067 3472 1092 3525 5.
1104 3473 1173 3526 siout
1187 3472 1364 3529 Tertullianus
1376 3484 1400 3527 at

237 3544 438 3613 Apollinaristae
456 3542 545 3594 dieunt
563 3544 616 3594 cod.
635 3542 708 3594 MSS.
727 3542 838 3596 Floreat.
856 3541 1022 3594 bibliothecae
1039 3541 1074 3594 D.
1085 3541 1188 3606 Marci,
1206 3552 1269 3596 teate
1284 3542 1397 3597 nemea.

238 3613 261 3664 6.
274 3612 459 3665 sufficientiam
477 3613 532 3664 eod.
551 3610 662 3662 Floreat.
732 3611 756 3663 7.
769 3610 831 3663 Post
844 3609 907 3662 facit
921 3612 986 3662 editi
1002 3614 1039 3673 (et
1048 3609 1177 3675 Elaeus.)
1188 3614 1307 3665 iaaenat
1315 3610 1399 3667 cnut·

237 3688 278 3733 tur
291 3682 393 3734 anobis
410 3681 466 3733 sine
479 3678 632 3732 confusione
645 3679 782 3731 coniuncta
793 3686 884 3733 saneta
895 3679 1013 3743 trinitas,
1025 3679 1082 3731 sino
1094 3679 1259 3749 separah‘one
1271 3680 1398 3735 distincta.

238 3751 317 3801 Abest
329 3771 346 3801 a
358 3749 430 3801 MSS.
450 3747 572 3817 (Benedl
629 3746 652 3799 8.
665 3747 755 3797 Plures
766 3747 840 3801 MSS.
853 3751 969 3799 omittunt
978 3753 1004 3799 et
1015 3746 1158 3817 Eutyches,
1175 3766 1209 3800 ae
1221 3752 1277 3801 ea‘us
1287 3750 1344 3803 loeo
1356 3748 1398 3803 bo·

238 3820 295 3870 beot
305 3835 446 3887 eommque
458 3822 607 3869 sectatores.
631 3815 747 3885 (Βοιαὶ.)
799 3817 823 3870 9.
834 3816 988 3869 Valentinus
1003 3817 1108 3881 asserit,
1123 3832 1210 3886 neque
1228 3819 1269 3871 ed.
1285 3816 1399 3871 Ument

241 3887 278 3940 10.
297 3888 341 3938 Ιια
359 3889 425 3940 adid.
447 3886 620 3947 Benedictim',
637 3889 680 3952 qui
696 3889 777 3935 citant
793 3885 880 3952 Oprill.
900 3883 1003 3939 Cateclr.
1017 3884 1042 3937 4.
1070 3885 1103 3937 In
1120 3886 1180 3939 edit.
1195 3884 1314 3941 Elmeud.
1334 3895 1401 3939 aetat

237 3972 321 4025 neque
334 3955 364 4007 de
376 3954 455 4019 thesi,
468 3954 494 4006 id
507 3960 547 4006 est
557 3954 673 4023 putative
685 3953 866 4021 imaginatum,
879 3971 909 4005 ex
921 3956 1039 4005 auctorit.
1051 3954 1109 4007 edd.
1121 3952 1156 4005 D.
1167 3952 1265 4018 Mares,
1278 3964 1307 4007 ιιι
1316 3959 1345 4007 a'a
1355 3956 1400 4008 ad·

237 4034 296 4078 nom
311 4030 491 4092 apostatatur.
546 4024 584 4074 ll.
599 4024 658 4074 Uod.
672 4022 706 4073 D.
719 4022 808 4074 Marci
823 4039 875 4075 non
891 4022 1041 4091 inaequale,
1056 4027 1088 4076 ut
1102 4021 1257 4087 Eunomina,
1274 4022 1341 4077 nihil
1356 4040 1400 4095 par

237 4093 349 4210 {ratium
367 4098 510 4144 certamen
528 4108 646 4154 earnem,
663 4109 736 4141 aera-ru
753 4092 827 4145 oouo.
846 4089 982 4160 (Elmenh.)
1053 4089 1093 4145 12.
1105 4106 1175 4144 unus
1192 4090 1235 4145 dei
1250 4090 1324 4145 filius
1342 4096 1399 4146 edit.

253 4161 351 4213 ilmeuh.
371 4163 416 4213 Ad
427 4180 491 4229 quae
503 4163 638 4212 adriotaoit
650 4157 693 4224 ,ab
707 4159 747 4211 dei
761 4178 791 4211 ea
801 4159 856 4211 MS.
870 4161 929 4211 est.'’

288 4229 350 4299 Gap.
363 4229 406 4281 lll.
419 4260 452 4268 -
468 4230 488 4281 l.
508 4228 591 4280 Verba
609 4246 643 4281 ex
656 4228 756 4298 virgine
774 4246 821 4279 ooo
839 4229 917 4279 habet
933 4230 988 4280 eod.
1007 4228 1042 4281 D.
1054 4228 1151 4282 Marci.
1219 4228 1245 4283 2.
1257 4226 1399 4283 divinitalis

237 4301 275 4351 ed.
290 4298 405 4351 Elmenb.
458 4297 482 4349 3.
494 4298 632 4349 Marcellus
645 4317 694 4348 uon
706 4307 742 4348 est
752 4301 780 4348 ιἰι
791 4296 845 4347 MS.
858 4296 893 4349 D.
902 4294 998 4348 Marsi.
1017 4295 1160 4365 (Elmenh.)
1210 4296 1237 4350 4.
1248 4296 1313 4351 Post
1323 4298 1399 4351 mdo

237 4373 312 4418 natus
326 4372 366 4418 est
378 4371 403 4416 iu
416 4370 453 4418 erl.
470 4366 582 4421 Eloreab.
603 4369 695 4419 addita
713 4369 874 4435 reperiuntur
891 4382 946 4417 non
964 4366 1086 4419 amittens
1103 4364 1175 4434 quod
1191 4370 1261 4431 erat,
1276 4365 1399 4437 dignatus

237 4434 376 4505 essequod
392 4452 445 4487 non
462 4440 525 4487 erat,
547 4436 593 4486 Ad
609 4454 673 4504 qaae
685 4433 800 4487 Elmeulr.
819 4436 954 4487 adnotavit
970 4434 1060 4500 ,Haeo
1077 4452 1122 4488 sao
1138 4436 1193 4489 loco
1207 4442 1278 4488 nota
1293 4452 1328 4489 aa
1342 4434 1397 4490 lat.

236 4520 349 4643 replldb.
362 4572 405 4626 lv.
424 4602 453 4612 —
468 4573 489 4625 1.
503 4572 660 4625 eredendum
676 4572 753 4624 labet
768 4573 823 4625 eod.
836 4571 892 4626 MS.
906 4572 942 4624 D.
953 4572 1049 4625 Marci.
1100 4570 1126 4627 2.
1139 4578 1171 4625 ut
1184 4570 1242 4627 vuli
1251 4570 1396 4627 Eunomia!

237 4643 275 4694 ed.
290 4640 405 4695 Erineos.
457 4640 482 4693 3.
493 4641 538 4693 Sic
550 4641 623 4696 MSS.
629 4681 637 4705 ‚
654 4650 718 4695 testt.
736 4641 920 4696 Benedictiae'a.
937 4642 1050 4696 Aeetia
1064 4644 1155 4705 (alian
1164 4638 1296 4709 Rhama)
1307 4641 1398 4697 Μαι

1173 4822 1395 5106 Ὗ
