3046 5124
254 375 316 440 204
758 372 910 415 nunusrnu

255 530 383 595 elericos
395 528 554 614 plurimos.
578 529 641 594 Sed
653 528 721 593 ideo
735 532 787 592 isti
795 529 944 593 haeretiei
957 535 1041 611 sunt,
1056 534 1248 614 quoniamse
1260 531 1300 595 ab
1314 529 1414 595 eoele-

256 637 302 697 sia
317 639 496 717 separantes
518 632 637 695 nullam
658 653 745 717 spem
761 638 873 717 putant
888 654 940 696 eos
955 632 1069 696 habere
1086 637 1139 716 qui
1156 640 1286 697 utuntur
1300 633 1352 698 his
1368 655 1415 697 re·

256 841 381 903 tactitae
397 837 601 922 appellantur.
633 837 694 900 Sed
710 845 742 901 et
756 836 817 901 alla
831 841 937 902 neseio
953 858 1031 920 quae
1047 841 1173 923 propria
1187 839 1348 903 haeretica
1362 838 1416 902 do·

256 964 323 1006 cere
340 932 552 1026 perhibentur.

118 1057 168 1108 θαι·
183 1057 236 1096 m·
319 1042 489 1108 Sabelliani
509 1043 547 1106 ab
563 1042 616 1106 ille
632 1042 742 1124 Noito,
757 1063 847 1127 quern
865 1064 960 1128 snpra
973 1047 1232 1126 memoravimus,
1249 1044 1417 1109 defluxisse

255 1148 410 1211 dicuutur.
444 1146 523 1209 Nam
539 1152 570 1208 et
585 1144 773 1230 discipulum
789 1148 855 1209 eins
871 1146 999 1230 quidam
1013 1146 1179 1228 perhibent
1193 1147 1290 1211 luisse
1306 1147 1417 1212 Sabel-

255 1250 341 1313 lium.
379 1248 440 1311 Sed
462 1270 522 1331 qua
543 1269 636 1312 eausa
652 1247 729 1312 duas
744 1249 889 1312 haereses
907 1269 959 1312 eas
974 1249 1168 1334 Epiphanius
1184 1255 1349 1335 computet
1363 1270 1417 1314 ιιι-

257 1355 337 1428 sci03
354 1372 424 1415 ourn
439 1353 506 1415 fieri
520 1353 660 1436 potuisse
676 1350 837 1414 videamus
853 1358 888 1414 ut
902 1351 995 1414 fuerit
1010 1350 1165 1415 Sabellius
1185 1355 1244 1416 iste
1259 1353 1418 1431 famosior,

257 1462 288 1518 et
304 1455 371 1518 ideo
388 1476 426 1517 ex
441 1453 493 1517 illo
515 1453 668 1522 celebrius
689 1454 764 1516 haec
786 1453 924 1517 haeresis
940 1475 1054 1518 nornen
1070 1457 1236 1539 acceperit.
1273 1454 1418 1518 Nobtiani

257 1556 538 1621 enlmdisfieillime
555 1555 710 1637 abaliquo
728 1559 831 1619 sciunt
832 1578 884 1635 ιιι,
904 1555 1075 1620 Sabelliani
1098 1563 1203 1620 autem
1222 1559 1327 1620 sunt
1319 1577 1352 1620 ιιι
1369 1577 1418 1620 ore

258 1659 337 1724 mult
324 1666 435 1722 t.erum
459 1659 538 1721 barn
553 1664 584 1721 ι
572 1659 775 1722 tlraxeanos
791 1680 809 1720 a
825 1659 944 1722 Praxea
958 1659 1085 1742 quidam
1100 1666 1255 1740 ineante
1239 1659 1419 1723 etHerrne·

257 1766 379 1844 geniani
396 1783 499 1824 rosan
492 1761 554 1824 'ab
569 1761 761 1842 Hermogene
777 1768 946 1845 potuerunt
950 1809 959 1841 ,
982 1783 1033 1845 qur
1026 1762 1232 1825 'Praxeast
1201 1769 1232 1824 et
1246 1761 1419 1844 Hermoge-

258 1886 313 1927 nes
334 1865 442 1927 eadem
464 1865 662 1927 sentientes
655 1885 687 1926 ιιι
707 1864 813 1926 Africa
833 1864 929 1927 luisse
951 1864 1110 1927 dicuntur:
1134 1885 1191 1928 nee
1212 1871 1320 1928 tamen
1341 1867 1419 1927 isiae

258 1969 362 2053 plures
379 1974 481 2031 sectae
498 1974 581 2049 sunt,
598 1966 653 2030 sed
668 1968 760 2029 unius
776 1974 879 2030 saetae
894 1967 986 2051 plura
1001 1969 1143 2049 nomina,
1165 1987 1203 2030 ιιι
1217 1966 1267 2030 his
1283 1966 1419 2031 homini·

260 2076 316 2137 bus
333 2075 384 2156 qni
400 2075 433 2134 in
449 2092 485 2134 aa
499 2073 634 2133 maxime
650 2072 869 2151 innotuerunt,
885 2072 967 2133 siout
980 2070 1162 2133 Donatistae
1178 2068 1275 2134 iidem
1290 2070 1419 2134 Parme·

259 2179 426 2254 nianistae,
447 2178 527 2238 siout
541 2173 700 2255 Pelagiani
715 2173 811 2236 iidem
827 2172 1024 2237 Caelestiani.
1052 2173 1143 2238 Unde
1158 2194 1229 2255 ergo
1245 2175 1288 2236 sit
1302 2173 1421 2237 laetum

258 2287 293 2343 ιιι
307 2280 475 2342 Νοιιιιιιοι
498 2285 529 2340 ιι
545 2276 745 2340 Sabellianos
767 2296 830 2339 non
850 2278 943 2341 unius
964 2276 1102 2340 haeresis
1124 2275 1184 2339 duo
1200 2278 1347 2358 nomina,
1366 2275 1420 2340 sed

258 2390 406 2465 tanquam
431 2382 506 2445 duas
529 2381 673 2443 haereses
696 2377 893 2464 supradictus
916 2378 1108 2464 Epiphanius
1130 2384 1275 2464 poneret,
1302 2377 1420 2463 liquide

259 2488 398 2549 invenire
415 2507 477 2547 non
493 2485 597 2567 potui,
614 2485 686 2565 quia
702 2485 729 2545 si
745 2481 819 2565 quid
835 2484 916 2545 inter
931 2481 1135 2563 sedifferunt,
1149 2480 1420 2546 tamobsonredI·

258 2592 314 2669 nit,
331 2587 433 2651 studio
450 2587 581 2649 forsitan
597 2587 771 2666 brevitatisr,
786 2591 898 2649 utnon
914 2583 1095 2666 intelligam.
1118 2585 1199 2649 Loco
1215 2586 1333 2669 quippe
1352 2587 1422 2665 isto,

260 2714 319 2775 quo
337 2697 368 2754 ιι
384 2712 456 2770 ιιοι,
472 2696 537 2752 tarn
552 2687 641 2770 longe
658 2688 850 2752 aNob'tianIs
867 2686 1061 2751 Sabellianos
1078 2708 1345 2769 commemorans,
1365 2687 1421 2752 Sa·

262 2794 397 2874 belliani,
414 2795 525 2875 iuquit,
542 2791 655 2854 similia
670 2791 767 2853 Ne'e'to
784 2791 1045 2872 dogmatizantes,
1062 2797 1186 2875 praeter
1201 2790 1259 2855 hoo
1275 2790 1360 2874 quod
1375 2790 1421 2855 di·

260 2905 336 2960 ιιιιιι
350 2903 470 2982 patrem
486 2917 548 2959 non
565 2916 632 2957 essa
649 2914 786 2978 passum.
825 2893 889 2969 Quo
911 2893 1002 2956 mede
1024 2892 1061 2956 de
1083 2892 1270 2957 Sabelliauis
1291 2893 1422 2975 intelligi

259 3007 459 3085 potest,ou1n
476 3001 519 3061 sio
536 2999 727 3062 innotuerint
742 2996 844 3059 dicere
859 3003 981 3079 patrem
995 3016 1134 3080 passum,
1149 3002 1184 3059 ut
1197 2995 1422 3082 Patripassiani

261 3125 376 3187 quam
370 3100 540 3165 Sabelliani
556 3103 693 3166 crebrius
710 3096 949 3184 nuncupentur?
965 3099 1028 3163 Aut
1015 3104 1066 3162 sti
1059 3100 1184 3163 'forte
1176 3120 1210 3162 ιιι
1225 3120 1262 3163 eo
1274 3098 1360 3183 quod
1371 3101 1423 3179 ait,

259 3209 386 3271 Praeter
400 3204 459 3268 hoo
481 3205 564 3287 quod
584 3205 693 3267 dieunt
680 3209 764 3288 tpta
766 3223 833 3267 rem
852 3224 914 3266 non
935 3223 1004 3265 esse
1019 3223 1162 3286 passum,
1180 3203 1270 3266 Noiit
1248 3209 1352 3267 trauos
1366 3202 1422 3267 hoo

261 3310 388 3373 dicere
381 3307 513 3389 intelligi
528 3306 641 3386 soluit,
664 3309 732 3389 quis
749 3327 801 3369 eos
817 3307 850 3369 ιιι
866 3305 923 3368 hae
939 3306 1142 3387 ambiguitate
1158 3303 1339 3369 discernat?
1349 3270 1423 3368 Vel

262 3435 321 3499 quo
345 3410 437 3475 modo
458 3417 589 3494 possunt
605 3408 737 3490 intelligi
758 3407 891 3492 quilibet
909 3429 1016 3472 eorum
1035 3414 1156 3493 patrem
1177 3428 1306 3493 passum
1329 3409 1423 3472 fuisse

262 3538 325 3581 non
341 3515 460 3594 dicere,
482 3534 554 3576 curn
570 3512 676 3575 dieunt
691 3511 848 3575 eundem'
840 3532 944 3595 ipsum
959 3531 1028 3574 esse
1044 3518 1076 3575 ιι
1090 3518 1213 3596 patrem
1228 3518 1261 3574 et
1279 3510 1382 3577 lilium
1396 3516 1425 3573 et

262 3622 407 3704 spiritum
423 3612 587 3679 sanetum?
617 3614 771 3678 Philaster
791 3621 896 3678 antem
911 3614 1077 3678 Brixianus
1093 3616 1258 3700 episeopus
1279 3616 1314 3678 in
1329 3614 1423 3701 proli·

263 3725 391 3786 xissirno
419 3720 498 3783 libre
520 3739 612 3802 quem
634 3718 670 3781 de
691 3718 872 3782 haeresibus
893 3717 1034 3781 condidit
1053 3723 1085 3780 et
1104 3716 1257 3781 CXXVIII
1279 3716 1424 3782 haereses

263 3826 431 3889 arbitratus
452 3830 501 3886 est
522 3821 763 3905 computandas,
784 3820 979 3885 Sabellianos
1001 3822 1149 3885 continuo
1169 3825 1242 3904 post
1255 3819 1425 3885 Neiitiauos

264 3949 399 4013 ponens,
422 3925 593 4005 Sabellius,
617 3926 733 4008 inquit,
757 3923 928 4009 discipulus
950 3925 1032 4004 eius,
1055 3925 1107 4007 qui
1123 3922 1366 3988 similitudinem
1380 3924 1426 3988 sui

265 4032 400 4095 doctoris
416 4030 525 4093 itidem
541 4033 666 4091 secutus
683 4035 746 4107 est,
767 4027 850 4090 unde
873 4033 904 4089 et
919 4025 1090 4090 Sabelliani
1104 4032 1215 4110 postea
1230 4032 1305 4091 sunt
1320 4026 1426 4113 appel·

265 4134 330 4213 lati,
347 4136 399 4216 qui
415 4140 447 4195 et
460 4133 684 4216 Patripassiani
701 4137 732 4193 et
746 4131 897 4194 Praxeani
913 4151 932 4192 a
945 4129 1076 4210 Praxea,
1091 4135 1123 4192 ιι
1133 4128 1378 4213 Hermogeniani
1388 4129 1426 4195 ab

264 4238 470 4316 Hermogene,
487 4237 540 4319 qui
555 4235 681 4297 fuerunt
696 4236 728 4296 iu
744 4233 860 4313 Alriea,
875 4234 928 4314 qui
944 4238 976 4294 et
988 4235 1031 4295 ita
1043 4233 1215 4296 sentientes
1227 4230 1345 4297 abieoti
1355 4238 1429 4298 sunt

266 4339 304 4403 ab
321 4338 454 4401 ecelesia
469 4336 629 4400 catholica.
668 4337 756 4400 Certe
778 4337 837 4399 iste
857 4332 983 4398 eosdem
1004 4341 1115 4420 postea
1129 4332 1328 4399 Sabelliauos
1350 4335 1428 4400 dixit

267 4441 438 4527 appellatos
461 4443 512 4522 qui
534 4461 663 4523 eaquae
679 4440 796 4504 Nodtus
812 4438 1005 4519 sentiebant,
1021 4444 1053 4500 et
1067 4437 1129 4501 alia
1143 4438 1272 4503 nomina
1286 4439 1427 4504 eiusdem

267 4552 369 4609 sectae
386 4545 649 4623 commemorarit,
666 4548 817 4607 ettamen
831 4541 1001 4607 Neitianos
1018 4548 1050 4604 et
1064 4540 1260 4606 Sabellianos
1275 4540 1336 4605 sub
1353 4541 1425 4607 due·

267 4648 326 4712 bus
342 4647 479 4712 numeris
494 4652 645 4729 tanquam
653 4645 731 4710 duas
742 4646 887 4710 haereses
897 4647 1019 4730 posuit3
1033 4664 1096 4729 qua
1106 4663 1211 4727 eausa,
1223 4644 1294 4729 ipso
1304 4642 1424 4711 viderit
