3046 5124
494 90 514 123 ’θ

506 354 662 397 molestus
673 354 714 395 DE
727 353 911 397 mmmm.
1227 353 1289 421 285

123 530 200 597 pers
215 516 249 575 et
263 516 383 576 ceteros
397 509 531 595 populos
545 510 688 576 subditos
703 510 805 575 iecere
819 509 958 586 Iudeeie3
972 508 1057 574 unde
1071 510 1168 575 ceteri
1175 507 1292 592 Angeli

122 612 198 679 irati
212 612 297 678 belin
312 619 420 678 contre
433 612 505 677 illos
521 613 752 678 suscitaverunt
771 619 803 676 et
813 614 1063 698 exstirpaverunt
1079 613 1222 677 civitates
1236 632 1290 678 ec·

122 736 208 799 rum,
229 723 263 780 et
275 715 492 801 disperserunt
510 721 611 780 totum
630 716 780 800 populum
799 734 915 779 eorum.
951 713 1072 779 Deinde
1092 713 1170 781 dicit
1186 714 1292 780 Iesum

123 838 192 885 non
201 838 424 904 crisopassum,
438 818 495 883 sed
506 817 668 882 Simonem
678 818 883 901 Gyrenmnm
897 821 951 902 qni
961 819 1156 901 angeriretns
1167 837 1292 882 crncem

123 919 214 986 illins
234 921 390 986 sustulitb.
427 921 544 986 Contra
561 920 645 985 hunc
665 920 823 1005 Agrippo⁰
842 926 1046 1003 cognomento
1066 919 1223 1000 Castoris,
1243 921 1293 984 sir

124 1022 219 1089 valdo
234 1022 346 1089 doctus
361 1022 481 1105 scribit,
496 1022 633 1108 prodens
648 1025 796 1087 universa
810 1025 877 1087 eius
887 1025 1049 1106 mysteris,
1063 1028 1095 1086 et
1108 1020 1292 1108 ’prophetes

125 1144 317 1191 enumerans
337 1125 518 1192 ³Bercsben
538 1131 570 1189 et
583 1125 720 1207 nacon,
739 1131 773 1188 et
793 1125 834 1189 ed
852 1130 1003 1190 terrorem
1023 1125 1217 1190 audientium
1230 1123 1294 1188 elic

122 1230 226 1293 etism
239 1230 368 1293 nomino
381 1228 515 1293 berbena
529 1226 680 1309 religione
696 1230 869 1312 composite
887 1229 1069 1309 nominans,
1088 1230 1184 1292 etiem
1198 1226 1293 1293 doum

125 1331 301 1396 maximnm
321 1330 492 1413 Abrsxes‚‚
504 1333 594 1414 quasi
613 1351 732 1395 annum
747 1331 927 1413 continens,
953 1331 980 1394 si
999 1332 1087 1394 iuxta
1105 1331 1293 1396 Graecorum

125 1452 296 1500 numerum
310 1440 516 1519 computetur.

191 1535 376 1602 Nicolaitae.
398 1535 546 1600 Nicoleus
561 1534 711 1600 diaconus
726 1535 788 1600 iuit
801 1556 840 1599 ex
854 1534 988 1600 ecclesia
1001 1534 1294 1619 Hierosolymitsna,
1312 1544 1363 1597 cto·
1376 1543 1416 1586 nn
1481 1608 1484 1615 Ι

128 1641 185 1725 qni
196 1638 437 1723 cumStepheno
450 1644 482 1702 et
493 1640 606 1702 ceteris
619 1639 807 1703 constitutus
821 1644 871 1702 est
884 1660 904 1701 s
913 1639 1006 1704 Petro
1019 1644 1146 1725 propter
1157 1639 1295 1704 videw.

128 1742 191 1821 Qui
205 1746 421 1824 transgressus
437 1743 601 1804 veritatem
617 1740 720 1824 coepit
734 1741 792 1806 troo
807 1740 918 1805 docere
938 1747 971 1805 et
991 1741 1112 1824 dicere,
1130 1742 1228 1807 Erant
1246 1745 1294 1804 te·

128 1844 268 1909 nebreeb
284 1849 316 1908 et
329 1843 520 1930 profundum
534 1845 567 1906 in
582 1861 679 1926 aque,
700 1849 733 1906 et
747 1844 892 1928 spiritus,
912 1846 964 1928 qni
986 1851 1111 1930 separet
1125 1865 1157 1910 sc
1170 1864 1192 1909 e
1206 1853 1295 1907 tene·

130 1947 210 2031 bris,
224 1968 244 2010 a
257 1946 413 2031 profundo
429 1951 461 2011 et
475 1966 571 2029 aque,
592 1951 624 2008 et
638 1945 678 2010 eb
694 1943 743 2008 his
757 1945 837 2009 elice
852 1946 1036 2030 prodierunt
1049 1954 1182 2030 qnctnor
1195 1948 1296 2013 virtu-

128 2054 191 2132 tes,
205 2068 286 2133 quac
301 2049 444 2114 iecerunt
459 2048 552 2112 deum
567 2054 599 2112 et
614 2046 799 2127 daemones,
817 2053 851 2111 et
864 2053 956 2112 vocet
974 2047 1045 2113 ilias
1063 2048 1191 2114 dextros
1206 2054 1239 2113 et
1249 2050 1296 2114 si·

128 2152 258 2218 nistros.
281 2152 439 2235 ¹Namque
455 2149 642 2216 vocabulum
656 2151 761 2235 posuit
774 2147 957 2233 ²Borbelon‚
972 2157 1003 2214 et
1013 2151 1159 2233 Prnnicc,
1174 2150 1295 2217 etqui·

129 2253 281 2337 dabaoth,
295 2260 328 2318 et
342 2253 508 2319 Conleceu.
530 2252 684 2339 4Spiritus
698 2258 805 2317 entem
820 2259 948 2318 sanctus
963 2252 1120 2319 haeresim
1134 2253 1297 2339 cppeiim

129 2356 211 2423 dicit
224 2356 265 2422 od
281 2356 461 2422 ecclesiam:
482 2357 546 2422 Sed
565 2355 623 2420 hoc
643 2355 740 2420 habes
762 2355 835 2438 quio
857 2355 950 2420 odisti
965 2355 1049 2420 tecto
1062 2355 1297 2441 Niccleitsmm,

129 2477 213 2546 que
228 2465 260 2524 et
273 2480 331 2542 ego
347 2459 408 2524 odi.
446 2458 544 2524 Multa
559 2461 643 2523 enim
658 2458 773 2523 docent
786 2457 904 2542 abeqne
920 2459 1107 2524 discmticne
1126 2459 1247 2541 iecere,
1265 2464 1299 2523 ct

129 2560 294 2629 immolate
306 2562 401 2628 idolis
415 2564 512 2643 vesci,
527 2567 560 2625 et
572 2561 606 2625 in
621 2560 748 2645 templis
764 2580 849 2642 esse,
870 2567 902 2624 et
921 2561 1046 2646 publice
1070 2565 1177 2626 omnin
1196 2582 1296 2646 ogere

132 2665 267 2731 ⁵Pcstea
281 2667 394 2748 inquit,
414 2664 507 2728 6Erat
519 2665 664 2729 Aeonum
683 2663 809 2747 quidem
832 2665 886 2746 qui
905 2662 1092 2729 'vocabatur
1105 2663 1298 2746 Ieidsbeoth,

130 2767 249 2834 missus
264 2789 283 2831 a
296 2767 432 2832 Prrmice
446 2767 599 2849 ⁸qnadnm
613 2772 729 2848 matre,
749 2767 864 2849 quique
883 2767 959 2831 iecit
978 2766 1039 2831 sibi
1059 2765 1140 2832 iiiios
1156 2772 1297 2852 septem:

133 2875 167 2936 et
179 2869 228 2939 iiii
242 2869 385 2935 fecerunt
399 2875 521 2955 septem
541 2869 660 2951 caelos,
680 2889 776 2954 supra
795 2888 872 2951 quos
892 2870 959 2952 ipse
979 2867 1181 2934 9ieldnbsotlr
1200 2869 1298 2956 pedes

130 2971 280 3059 lpsbebat.
318 2974 384 3051 Quo
404 2974 567 3055 ignorante
588 2973 730 3036 iecerunt
750 2976 870 3056 septem
889 2970 947 3035 tilii
965 2969 1143 3056 nominem,
1164 2972 1221 3038 sed
1234 2992 1299 3038 non

184 3159 209 3214 2.
218 3156 371 3280 prophetias
383 3159 451 3210 Men.
508 3157 533 3213 3.
546 3157 682 3211 Barcaben
700 3163 726 3210 et
740 3155 842 3209 Bercob
859 3161 885 3208 et
903 3155 935 3210 od
953 3159 1127 3212 emendacione
1137 3159 1299 3229 Hieronymo.

130 3226 217 3282 Berco
236 3227 298 3280 bem
308 3231 336 3279 et
345 3227 474 3279 Barcobet
485 3226 517 3279 ed
529 3227 596 3280 Men

107 3318 113 3325 ’
185 3294 1299 3367 crp.111.-1.Nomquoeqo,comoorelersoclorrmmct.or.som.1,p.ttt.
1399 3308 1405 3318 “

134 3364 341 3434 quniilerp
406 3364 429 3416 2.
442 3363 566 3416 Barbilon
584 3364 651 3415 Men.
715 3362 739 3415 3.
752 3362 981 3415 ialdabalonilen.
1044 3364 1069 3417 4.
1082 3364 1195 3435 Spiritus
1212 3371 1299 3419 sitien

133 3439 241 3487 sanctus
255 3432 359 3484 Ooteler.
372 3433 389 3484 I.
402 3435 418 3483 1.
432 3432 559 3502 Spiritum
571 3437 659 3484 autem
671 3435 792 3484 sanctum
801 3430 868 3483 Meo.
915 3430 1300 3489 5.1>0stoocoreor.1.t.0sm

132 3502 203 3555 Hero.
256 3500 280 3553 6.
292 3501 355 3553 Erat
366 3501 484 3554 Aeonum
497 3501 603 3570 qnidam
616 3502 722 3552 coteler.
734 3502 777 3554 Η.
790 3507 966 3554 menteomni
978 3501 1084 3571 quidam
1095 3502 1162 3555 Ner.
1219 3500 1242 3556 i.
1256 3516 1300 3555 rc-

133 3567 405 3624 cabeturlaldabaoth
423 3569 527 3624 Coteler.
541 3572 556 3621 l.
568 3572 584 3624 l.
603 3575 711 3621 vocatur
726 3567 861 3621 Ialdabath
872 3569 940 3622 Men.
997 3568 1022 3622 8.
1035 3570 1146 3640 quedem
1158 3575 1241 3623 matre
1254 3569 1299 3622 Co-

134 3641 206 3692 teler.
217 3642 234 3692 t.
244 3640 260 3690 t.
274 3638 404 3708 quendem
414 3644 524 3691 matrem
533 3639 600 3690 Men.
636 3637 659 3690 9.
671 3635 805 3689 Ieldabath
814 3637 882 3689 Men.

167 3810 194 3864 b.
225 3809 431 3879 uiangerirstns
448 3824 553 3863 crucem
570 3809 639 3862 illius
652 3826 694 3862 sn·
744 3804 1301 3873 rans,Barcacanetenoobffiemteno·

134 3825 225 3947 stnliti
234 3876 695 3949 Haecverbedeprehendnnturepud
745 3893 800 3929 rem
812 3877 973 3930 audientium
989 3877 1041 3928 alia
1052 3876 1179 3957 quaedam
1191 3878 1302 3932 where

134 3946 312 4018 Angustinum
325 3946 474 4001 DeHaeres.
486 3949 573 4018 capi.
585 3946 695 3999 Benedi-
745 3945 860 4009 nomine,
872 3952 898 3996 et
909 3945 988 3997 deum
999 3960 1144 3998 maximnm
1155 3947 1211 3999 eius
1219 3947 1301 4001 Abra·

135 4016 200 4070 ctini
215 4015 333 4069 codicum
354 4016 508 4071 auctoritate
527 4031 557 4068 ea
574 4016 695 4069 extermi·
745 4031 807 4079 xes,
826 4015 870 4082 qui
882 4014 957 4082 quasi
969 4030 1067 4066 annum
1078 4014 1302 4070 continenciam

134 4090 240 4138 nmunt.
746 4081 905 4134 Graecorum
916 4097 1113 4152 numerumsup
1130 4084 1241 4138 utetm.”
1260 4085 1301 4140 Dc

170 4169 193 4206 c.
206 4152 383 4206 contrahunc
396 4152 603 4220 Agrippe]Haec
616 4152 695 4203 rerba
744 4151 932 4202 vocabulorum
946 4148 1065 4203 Barcabe
1081 4156 1107 4203 et
1145 4154 1222 4206 ercob
1237 4155 1301 4207 ecri-

135 4222 246 4292 repetita
258 4228 320 4273 sunt
336 4238 369 4273 ex
381 4221 539 4287 Hieronymo
552 4219 589 4272 De
602 4220 658 4272 Scri
676 4226 695 4271 t.
763 4225 821 4270 tura
837 4235 862 4270 v.
878 4217 990 4270 Fabricii
1006 4224 1032 4270 et
1046 4218 1246 4274 Benedictorum
1268 4224 1301 4276 cd

134 4290 207 4346 Eccl.
222 4306 246 4343 c.
258 4288 299 4346 21.
319 4289 450 4358 „Agrippa
462 4293 635 4355 cognomento
668 4305 694 4340 a·
744 4236 808 4339 iaec
819 4287 899 4339 verba
909 4285 1040 4341 adnotate.

135 4359 228 4423 eteris,
243 4358 283 4411 vir
294 4358 370 4411 valde
383 4358 485 4419 doctus,
503 4355 641 4408 adversm
657 4357 696 4409 vi-
780 4353 842 4423 Cep.
853 4353 896 4407 ΠΙ.
913 4385 946 4394 -
963 4371 986 4407 s
997 4363 1103 4428 propter
1119 4358 1222 4427 viduas]
1244 4361 1301 4415 Act

135 4428 204 4499 ginti
215 4432 339 4497 quattuor
350 4424 481 4503 Beoilidie¹
489 4423 612 4477 haeretici
623 4425 694 4478 volu·
744 4424 836 4493 Apost.
849 4423 891 4487 VI,
906 4424 929 4477 1.

136 4492 694 4630 fficrtmssstitfftttiiiiie
745 4491 1046 4640 mitittiitffiii
1063 4495 1301 4638 {titiis}

137 4650 229 4686 versae
239 4633 376 4702 mysteria,
393 4637 418 4685 et
434 4627 573 4701 prophetes
590 4645 694 4685 enume-
746 4629 824 4683 etism
835 4628 955 4684 Phrleetr.
967 4648 1023 4703 cop.
1034 4631 1076 4687 33.
