3046 5124
540 356 580 399 DE
592 355 768 399 assumens
781 354 874 398 LIBER·
1220 354 1278 421 105

130 516 171 581 ad
183 512 344 583 canaan
357 514 477 596 decan,
490 525 527 578 at
537 514 623 597 flant
636 515 742 578 oemio
756 534 838 598 qaae
852 514 938 577 dimo
952 523 1026 577 suat
1044 512 1081 576 de
1096 513 1217 576 modste
1231 510 1282 575 Ie?

129 618 262 685 rudem
275 628 305 682 et
312 617 435 703 popolo
450 618 634 681 adventura.
660 617 727 681 llec
742 622 848 679 autom
861 617 953 679 sicuti
968 621 1040 679 anto
1057 635 1149 697 quam
1162 616 1282 678 veniret

129 720 269 787 Christus
286 721 322 783 in
343 740 470 785 earnem
484 716 630 784 ²Danie10
647 719 766 783 dietum
786 724 835 782 est
854 726 886 781 et
904 739 1003 804 paene
1020 716 1207 801 completum
1223 723 1280 797 est,

127 824 171 889 sie
191 824 291 887 etiam
312 821 398 886 idem
418 842 567 887 numerus
590 842 687 905 usque
707 823 748 888 ad
767 823 869 905 legem
889 841 983 905 quam
1001 822 1123 904 accepit
1136 819 1235 883 Moses
1251 825 1283 883 et

126 946 224 1011 usque
239 924 281 989 nd
295 930 396 989 terrae
411 927 583 1010 promissae
603 926 767 989 introitum
786 945 850 988 nen
865 926 941 987 satis
956 922 1045 1005 longo
1066 944 1085 984 a
1100 924 1281 1006 quingente·
1350 928 1355 934 “

125 1030 205 1093 rimo
219 1048 377 1093 annorum
392 1027 507 1092 distare
522 1025 730 1090 ³numeratur.
759 1028 912 1091 Dominus
927 1029 1031 1109 itaque
1048 1046 1118 1089 cum
1133 1027 1221 1106 signa
1235 1025 1281 1088 di-

126 1136 211 1197 ceret
231 1129 393 1212 ⁴divorsa,
412 1130 527 1211 fames,
552 1132 799 1214 persecutiones,
824 1129 1076 1208 inundationem,
1097 1133 1197 1191 terrae
1215 1148 1281 1191 mo-

125 1240 186 1317 tus,
199 1232 400 1321 pestilentias
416 1234 498 1297 cirea
512 1233 607 1296 finem
622 1233 803 1313 adventura,
817 1233 909 1297 Petro
926 1234 1020 1295 etiam
1035 1231 1114 1295 dixit
1124 1230 1215 1295 beato
1230 1251 1283 1315 per

126 1338 272 1419 aenigma
286 1335 325 1400 de
339 1356 493 1400 annorum
513 1338 745 1400 numerositate.
772 1335 851 1398 Cum
866 1335 984 1399 diceret
997 1335 1119 1415 Petrus,
1133 1333 1284 1397 Domirre⁰

126 1440 246 1525 quoties
261 1441 412 1524 peccanti
420 1438 530 1522 fratri
547 1439 734 1503 concedam?
753 1440 798 1501 ait
817 1437 977 1502 dominns:
998 1435 1075 1501 Noa
1095 1439 1218 1522 septies,
1232 1438 1287 1498 red

126 1542 303 1629 septuagies
324 1543 450 1626 reptaba-
473 1540 643 1604 ostendens
666 1542 794 1624 quidem
815 1547 847 1604 et
867 1539 1137 1623 ⁵qnotidianorum
1158 1540 1286 1602 humani

126 1645 250 1727 generis
266 1642 452 1708 delictorum
466 1644 624 1706 inlinitum
645 1664 809 1707 numerum
831 1643 943 1706 debere
965 1642 1085 1705 homini
1108 1641 1224 1705 dimitti
1247 1641 1286 1704 ab

127 1744 266 1826 homine,
280 1750 313 1809 et
325 1745 420 1810 Indae
435 1745 589 1825 redeunti,
604 1748 669 1809 sive
684 1766 804 1830 pagane
820 1751 853 1808 et
866 1745 936 1811 aliis
952 1744 1145 1825 carnalibus,
1159 1744 1233 1808 ⁶sed
1247 1743 1286 1808 ad

128 1846 244 1913 Christi
259 1846 354 1913 iidem
369 1847 407 1911 de
422 1850 582 1933 impietate
598 1847 798 1913 redeuntibus
814 1848 924 1931 ⁷atque
940 1849 1007 1910 eius
1019 1847 1194 1937 ecclesiam,
1209 1867 1286 1911 cun-

128 1952 186 2016 etis
200 1970 295 2015 omne
311 1949 452 2015 debitum
467 1950 506 2013 ab
522 1952 567 2013 eis
583 1951 745 2035 oportered
766 1950 893 2015 concedi
916 1950 1124 2013 credentibus.
1161 1950 1242 2014 Nam
1257 1955 1288 2013 et

126 2052 369 2138 historiographi
382 2053 489 2117 Iudaei
505 2053 678 2117 docuerunt
693 2054 834 2118 dicentes
849 2052 885 2114 8a
899 2052 1029 2116 Daniele
1044 2054 1287 2135 quadringentos

128 2162 159 2221 et
172 2158 334 2239 octoginta
347 2154 417 2240 plus
433 2176 531 2220 annos
545 2160 708 2237 transisse,
723 2158 811 2220 etsie
824 2156 984 2219 dominum
997 2154 1161 2218 advenisse
1173 2158 1206 2218 in
1219 2177 1286 2219 ear·

127 2278 211 2325 nem.
232 2258 340 2325 Hebes
355 2260 450 2322 etiam
470 2261 503 2322 in
519 2260 633 2323 Genesi
649 2258 883 2322 evidentissime
902 2259 1088 2339 mysterium
1108 2261 1288 2322 nuntiatum

127 2360 166 2429 de
180 2360 261 2427 Cain
282 2363 414 2445 septies,
435 2361 473 2425 do
493 2361 628 2426 Lamech
647 2367 753 2426 autem
773 2362 948 2445 septuagies
970 2363 1086 2443 septies
1105 2360 1287 2441 vindictam,

128 2462 213 2549 qued
234 2462 368 2529 duorum
390 2463 574 2549 populorum
596 2466 629 2528 in
654 2463 775 2529 duabus
797 2465 939 2548 personis
965 2464 1057 2526 unius
1083 2465 1288 2548 impietatem,

127 2564 257 2631 ulterius
275 2567 475 2649 iniquitatem
497 2569 564 2630 sino
587 2569 784 2631 annotatione
807 2568 1030 2650 seripturarum
1052 2568 1287 2650 praenuntiasse

126 2688 191 2735 uon
206 2668 339 2734 dubium
353 2676 411 2733 est.
433 2668 503 2734 Lea
517 2673 616 2734 ιηιιῗιηθ
631 2671 784 2756 spiraculis
799 2680 852 2750 est,
868 2668 1041 2733 secundum
1055 2669 1241 2753 apostolum,
1260 2681 1288 2733 et

126 2772 213 2854 loeo,
227 2771 341 2855 inquit,
357 2772 419 2837 dae
434 2783 616 2837 testamenta
629 2784 710 2837 ruet.
747 2772 854 2856 Neque
875 2773 959 2835 enim
973 2771 1135 2836 historiam
1149 2770 1287 2836 ⁹amitti-

71 2864 74 2871 ¹
126 2894 215 2956 mus,
236 2874 321 2958 quod
339 2874 420 2939 LXX
441 2896 540 2940 annes
560 2877 670 2941 lecerit
684 2875 817 2962 populus
839 2877 872 2938 in
891 2874 1052 2955 Persidas,
1072 2895 1172 2958 neque
1194 2878 1286 2961 spiri-

126 2976 224 3067 talem
234 2978 400 3041 seientiam
412 2981 597 3062 spernimus.
619 2979 698 3060 Ergo
711 2987 743 3042 et
754 2980 954 3063 septuaginta
965 2979 1157 3065 septimanae
1169 3001 1188 3040 a
1200 2979 1287 3042 ¹⁰Da·

126 3080 211 3145 niele
234 3078 338 3147 dietae
360 3080 579 3163 quadringenti
603 3083 868 3164 nonagintaanni
891 3086 966 3144 tnnc
993 3101 1092 3164 paone
1116 3080 1287 3166 completae

128 3188 214 3265 sunt,
229 3184 322 3247 etsie
338 3183 479 3247 Christus
495 3183 623 3248 advenit
637 3187 671 3248 in
687 3205 823 3265 carnem,
839 3190 871 3247 et
885 3183 1030 3246 aChristi
1046 3187 1223 3268 praesentia
1234 3206 1287 3249 us-

127 3306 188 3373 que
203 3285 553 3351 sdeonsummatienem
566 3288 663 3351 seculi
675 3288 804 3373 ¹¹paeno
817 3286 1286 3371 eundemeomplendumanno-

126 3391 528 3474 rumreperiesnumerum.
551 3390 755 3475 Septuaginta
763 3392 847 3453 onim
855 3391 1046 3474 septimanas
1062 3387 1201 3455 ¹²Daniel
1211 3413 1287 3475 quas

127 3492 208 3561 vidit
220 3494 409 3578 interpretes
424 3492 448 3531 ¹³
457 3492 630 3557 docuerunt
643 3493 688 3556 illi
703 3495 796 3577 primi
812 3495 968 3577 sapientes
985 3495 1100 3576 septies
1116 3500 1147 3556 et
1162 3501 1287 3578 septua-

125 3597 209 3681 gies,
228 3594 472 3679 quadringentos
493 3599 662 3679 nonaginta
676 3617 790 3674 annos,
811 3616 904 3679 quem
919 3595 1090 3659 iubilaeum
1104 3598 1136 3658 in
1152 3596 1219 3677 loge
1236 3597 1286 3659 lu-

125 3698 196 3765 dsei
211 3696 290 3783 (non
304 3699 368 3778 isti,
384 3698 439 3762 sed
454 3699 590 3782 veteres)
606 3707 638 3763 et
656 3701 750 3783 periti
769 3698 814 3762 illi
830 3719 948 3762 annum
963 3700 1156 3762 remissionis
1173 3699 1287 3762 Christi

125 3806 158 3867 et
169 3800 400 3885 indrdgentieo,
419 3801 577 3866 carnalem
595 3804 807 3887 praesentiam
821 3822 877 3884 per
893 3801 1023 3883 liguram
1038 3805 1110 3863 ante
1126 3799 1286 3864 celebran-

193 3986 218 4043 2.
235 3985 364 4041 Danihelo
377 3988 412 4042 A.
468 3987 492 4042 3.
511 4003 648 4041 numerum
660 3989 695 4042 A.
754 3988 778 4043 4.
792 3995 818 4040 et
829 3988 976 4041 diversari.
1027 3984 1241 4056 5.quotidianam
1254 3989 1288 4040 A.

124 4056 150 4113 5.
166 4056 241 4111 ets.
286 4055 310 4110 7.
325 4055 446 4108 Fortasse
458 4056 549 4126 adque.
594 4056 618 4110 8.
636 4057 668 4109 ad
685 4056 765 4109 nihilo
778 4059 812 4111 Α.
858 4057 882 4111 9.
900 4058 1004 4109 Rectius
1014 4061 1129 4124 sortasse
1147 4060 1289 4123 reposueris

124 4126 280 4191 omittimus,
291 4133 320 4176 ut
330 4128 356 4176 io
365 4142 429 4192 seqq.
440 4125 539 4194 degerit
547 4145 597 4194 pro
607 4126 705 4178 fecerit.
737 4126 776 4180 10.
789 4123 916 4177 Danihelo
929 4127 963 4179 Α.
997 4124 1035 4178 11.
1048 4139 1132 4193 poene
1141 4123 1208 4175 unde
1217 4140 1288 4177 eenr-

151 4192 249 4248 tndum
261 4194 297 4248 Α.
344 4192 580 4249 lacessitus.
623 4193 662 4249 13.
677 4195 755 4248 Iud.
770 4190 1286 4248 distinctosurrtheecaerdedecueruut.

174 4262 253 4335 primi
265 4271 322 4317 cett.
685 4286 689 4293 ·

158 4468 181 4506 ο,
197 4450 314 4518 pomino]
330 4449 423 4503 Μ,
435 4448 529 4503 xpm·
542 4450 583 4501 22·
690 4484 693 4489 Ι
767 4431 788 4469 e.
807 4415 861 4468 Lox
869 4416 950 4483 enim]
962 4416 992 4470 V.
1000 4416 1074 4471 Rom.
1081 4415 1136 4469 Vll.
1145 4416 1183 4470 14.
1191 4424 1217 4471 et
1230 4418 1287 4470 Gal.

157 4518 289 4575 debeis
306 4520 434 4590 oportere]
463 4519 503 4570 Ab
525 4516 682 4587 hominibus,
733 4484 911 4606 Iv'fossssersida

909 4556 921 4621 ]
944 4555 998 4607 Hac
1012 4554 1132 4608 vocabuli
1142 4555 1227 4607 forma
1239 4556 1288 4609 uti-

123 4586 334 4654 ”Ullh‘mh
346 4588 386 4643 ”fi
396 4602 475 4656 811Ρω
486 4586 595 4639 dmm·
733 4622 897 4677 teretinlra.
913 4622 1090 4693 ltemcap.Gl
1103 4629 1130 4678 et
1143 4623 1198 4677 112.
