<?xml version="1.0" encoding="UTF-8"?>
<!DOCTYPE html PUBLIC "-//W3C//DTD XHTML 1.0 Transitional//EN"
    "http://www.w3.org/TR/xhtml1/DTD/xhtml1-transitional.dtd">
<html xmlns="http://www.w3.org/1999/xhtml" xml:lang="en" lang="en">
 <head>
  <title>
</title>
<meta http-equiv="Content-Type" content="text/html;charset=utf-8" />
  <meta name='ocr-system' content='tesseract 3.04.00' />
  <meta name='ocr-capabilities' content='ocr_page ocr_carea ocr_par ocr_line ocrx_word'/>
</head>
<body>
  <div class='ocr_page' id='page_1' title='image "./corporishaerese02unkngoog_0287.png"; bbox 0 0 3046 5124; ppageno 0'>
   <div class='ocr_carea' id='block_1_1' title="bbox 247 354 1056 419">
    <p class='ocr_par' dir='ltr' id='par_1_1' title="bbox 247 354 1056 419">
     <span class='ocr_line' id='line_1_1' title="bbox 247 354 1056 419; baseline 0.002 -24"><span class='ocrx_word' id='word_1_1' title='bbox 247 354 309 419; x_wconf 75' lang='lat'>263</span> <span class='ocrx_word' id='word_1_2' title='bbox 602 354 830 396; x_wconf 72' lang='lat' dir='ltr'>amnasrmnrr</span> <span class='ocrx_word' id='word_1_3' title='bbox 847 354 934 396; x_wconf 80' lang='lat' dir='ltr'>nisan</span> <span class='ocrx_word' id='word_1_4' title='bbox 946 354 1056 397; x_wconf 74' lang='lat' dir='ltr'>narnus</span> 
     </span>
    </p>
   </div>
   <div class='ocr_carea' id='block_1_2' title="bbox 243 510 1408 4401">
    <p class='ocr_par' dir='ltr' id='par_1_2' title="bbox 245 510 1404 2343">
     <span class='ocr_line' id='line_1_2' title="bbox 247 510 1398 596; baseline 0.002 -21"><span class='ocrx_word' id='word_1_5' title='bbox 247 529 320 575; x_wconf 89' lang='lat' dir='ltr'>men</span> <span class='ocrx_word' id='word_1_6' title='bbox 335 512 463 596; x_wconf 86' lang='lat' dir='ltr'>accepit.</span> <span class='ocrx_word' id='word_1_7' title='bbox 485 512 525 574; x_wconf 91' lang='lat' dir='ltr'>Hi</span> <span class='ocrx_word' id='word_1_8' title='bbox 540 510 724 576; x_wconf 78' lang='lat' dir='ltr'>electionem</span> <span class='ocrx_word' id='word_1_9' title='bbox 736 512 888 577; x_wconf 88' lang='lat' dir='ltr'>bonorum</span> <span class='ocrx_word' id='word_1_10' title='bbox 899 517 931 576; x_wconf 91' lang='lat' dir='ltr'>et</span> <span class='ocrx_word' id='word_1_11' title='bbox 941 516 1170 579; x_wconf 75' lang='lat' dir='ltr'>recusationem</span> <span class='ocrx_word' id='word_1_12' title='bbox 1180 513 1336 578; x_wconf 91' lang='lat' dir='ltr'>malorum</span> <span class='ocrx_word' id='word_1_13' title='bbox 1346 514 1398 577; x_wconf 89' lang='lat' dir='ltr'>deo</span> 
     </span>
     <span class='ocr_line' id='line_1_3' title="bbox 248 613 1398 701; baseline 0.003 -23"><span class='ocrx_word' id='word_1_14' title='bbox 248 613 434 678; x_wconf 82' lang='lat' dir='ltr'>decernente</span> <span class='ocrx_word' id='word_1_15' title='bbox 448 613 611 695; x_wconf 87' lang='lat' dir='ltr'>definiunt,</span> <span class='ocrx_word' id='word_1_16' title='bbox 625 635 688 678; x_wconf 91' lang='lat' dir='ltr'>non</span> <span class='ocrx_word' id='word_1_17' title='bbox 702 615 828 678; x_wconf 91' lang='lat' dir='ltr'>homine</span> <span class='ocrx_word' id='word_1_18' title='bbox 839 614 890 679; x_wconf 83' lang='lat' dir='ltr'>uel</span> <span class='ocrx_word' id='word_1_19' title='bbox 902 614 1047 680; x_wconf 78' lang='lat' dir='ltr'>studente</span> <span class='ocrx_word' id='word_1_20' title='bbox 1062 616 1113 682; x_wconf 83' lang='lat' dir='ltr'>vel</span> <span class='ocrx_word' id='word_1_21' title='bbox 1124 615 1320 701; x_wconf 79' lang='lat' dir='ltr'>neglegente.</span> <span class='ocrx_word' id='word_1_22' title='bbox 1340 615 1398 681; x_wconf 85' lang='lat' dir='ltr'>No·</span> 
     </span>
     <span class='ocr_line' id='line_1_4' title="bbox 247 714 1400 802; baseline 0.003 -22"><span class='ocrx_word' id='word_1_23' title='bbox 247 715 316 780; x_wconf 91' lang='lat' dir='ltr'>lunt</span> <span class='ocrx_word' id='word_1_24' title='bbox 331 715 381 779; x_wconf 92' lang='lat' dir='ltr'>dei</span> <span class='ocrx_word' id='word_1_25' title='bbox 395 718 463 779; x_wconf 90' lang='lat' dir='ltr'>iura</span> <span class='ocrx_word' id='word_1_26' title='bbox 476 714 526 780; x_wconf 87' lang='lat' dir='ltr'>vol</span> <span class='ocrx_word' id='word_1_27' title='bbox 541 718 580 781; x_wconf 90' lang='lat' dir='ltr'>ab</span> <span class='ocrx_word' id='word_1_28' title='bbox 596 717 794 781; x_wconf 83' lang='lat' dir='ltr'>studentibus</span> <span class='ocrx_word' id='word_1_29' title='bbox 816 717 965 782; x_wconf 89' lang='lat' dir='ltr'>custodiri</span> <span class='ocrx_word' id='word_1_30' title='bbox 978 717 1030 783; x_wconf 87' lang='lat' dir='ltr'>vel</span> <span class='ocrx_word' id='word_1_31' title='bbox 1051 741 1070 783; x_wconf 93' lang='lat' dir='ltr'>a</span> <span class='ocrx_word' id='word_1_32' title='bbox 1085 719 1324 802; x_wconf 81' lang='lat' dir='ltr'>neglegentibus</span> <span class='ocrx_word' id='word_1_33' title='bbox 1338 722 1400 784; x_wconf 82' lang='lat' dir='ltr'>vio·</span> 
     </span>
     <span class='ocr_line' id='line_1_5' title="bbox 246 818 1400 908; baseline 0.003 -25"><span class='ocrx_word' id='word_1_34' title='bbox 246 818 312 883; x_wconf 89' lang='lat' dir='ltr'>leri.</span> <span class='ocrx_word' id='word_1_35' title='bbox 334 818 466 902; x_wconf 92' lang='lat' dir='ltr'>Dicunt,</span> <span class='ocrx_word' id='word_1_36' title='bbox 482 819 604 883; x_wconf 87' lang='lat' dir='ltr'>etiamsi</span> <span class='ocrx_word' id='word_1_37' title='bbox 619 818 751 884; x_wconf 85' lang='lat' dir='ltr'>voluerit</span> <span class='ocrx_word' id='word_1_38' title='bbox 765 820 882 884; x_wconf 91' lang='lat' dir='ltr'>bonum</span> <span class='ocrx_word' id='word_1_39' title='bbox 897 820 999 885; x_wconf 85' lang='lat' dir='ltr'>facere</span> <span class='ocrx_word' id='word_1_40' title='bbox 1015 825 1070 906; x_wconf 91' lang='lat' dir='ltr'>qui</span> <span class='ocrx_word' id='word_1_41' title='bbox 1084 822 1124 888; x_wconf 93' lang='lat' dir='ltr'>ad</span> <span class='ocrx_word' id='word_1_42' title='bbox 1138 821 1260 887; x_wconf 92' lang='lat' dir='ltr'>malum</span> <span class='ocrx_word' id='word_1_43' title='bbox 1275 821 1400 908; x_wconf 89' lang='lat' dir='ltr'>praede·</span> 
     </span>
     <span class='ocr_line' id='line_1_6' title="bbox 247 921 1402 1010; baseline 0.003 -24"><span class='ocrx_word' id='word_1_44' title='bbox 247 925 380 986; x_wconf 87' lang='lat' dir='ltr'>stiuetus</span> <span class='ocrx_word' id='word_1_45' title='bbox 396 927 454 1004; x_wconf 89' lang='lat' dir='ltr'>est,</span> <span class='ocrx_word' id='word_1_46' title='bbox 470 921 510 986; x_wconf 96' lang='lat' dir='ltr'>ad</span> <span class='ocrx_word' id='word_1_47' title='bbox 524 922 642 986; x_wconf 91' lang='lat' dir='ltr'>bouum</span> <span class='ocrx_word' id='word_1_48' title='bbox 656 925 820 1007; x_wconf 79' lang='lat' dir='ltr'>pervenire</span> <span class='ocrx_word' id='word_1_49' title='bbox 836 944 899 987; x_wconf 92' lang='lat' dir='ltr'>uon</span> <span class='ocrx_word' id='word_1_50' title='bbox 915 926 1037 1008; x_wconf 89' lang='lat' dir='ltr'>poterit.</span> <span class='ocrx_word' id='word_1_51' title='bbox 1067 925 1148 991; x_wconf 87' lang='lat' dir='ltr'>Nem</span> <span class='ocrx_word' id='word_1_52' title='bbox 1163 928 1219 1010; x_wconf 92' lang='lat' dir='ltr'>qui</span> <span class='ocrx_word' id='word_1_53' title='bbox 1233 925 1276 989; x_wconf 86' lang='lat' dir='ltr'>ad</span> <span class='ocrx_word' id='word_1_54' title='bbox 1292 925 1402 990; x_wconf 88' lang='lat' dir='ltr'>bonum</span> 
     </span>
     <span class='ocr_line' id='line_1_7' title="bbox 247 1024 1400 1113; baseline 0.002 -25"><span class='ocrx_word' id='word_1_55' title='bbox 247 1024 496 1110; x_wconf 89' lang='lat' dir='ltr'>praedestinatus</span> <span class='ocrx_word' id='word_1_56' title='bbox 511 1031 569 1106; x_wconf 88' lang='lat' dir='ltr'>est,</span> <span class='ocrx_word' id='word_1_57' title='bbox 585 1027 710 1089; x_wconf 88' lang='lat' dir='ltr'>etiamsi</span> <span class='ocrx_word' id='word_1_58' title='bbox 725 1025 879 1109; x_wconf 86' lang='lat' dir='ltr'>negleget,</span> <span class='ocrx_word' id='word_1_59' title='bbox 895 1025 934 1090; x_wconf 89' lang='lat' dir='ltr'>ad</span> <span class='ocrx_word' id='word_1_60' title='bbox 950 1027 1066 1091; x_wconf 91' lang='lat' dir='ltr'>bonum</span> <span class='ocrx_word' id='word_1_61' title='bbox 1076 1027 1267 1113; x_wconf 88' lang='lat' dir='ltr'>perducetur</span> <span class='ocrx_word' id='word_1_62' title='bbox 1278 1030 1400 1092; x_wconf 83' lang='lat' dir='ltr'>invitus.</span> 
     </span>
     <span class='ocr_line' id='line_1_8' title="bbox 246 1126 1401 1214; baseline 0.003 -22"><span class='ocrx_word' id='word_1_63' title='bbox 246 1126 362 1192; x_wconf 92' lang='lat' dir='ltr'>Dicunt</span> <span class='ocrx_word' id='word_1_64' title='bbox 377 1127 573 1212; x_wconf 89' lang='lat' dir='ltr'>baptismatis</span> <span class='ocrx_word' id='word_1_65' title='bbox 589 1128 705 1192; x_wconf 89' lang='lat' dir='ltr'>undem</span> <span class='ocrx_word' id='word_1_66' title='bbox 720 1150 784 1193; x_wconf 90' lang='lat' dir='ltr'>non</span> <span class='ocrx_word' id='word_1_67' title='bbox 798 1131 945 1193; x_wconf 89' lang='lat' dir='ltr'>universa</span> <span class='ocrx_word' id='word_1_68' title='bbox 954 1134 1085 1214; x_wconf 88' lang='lat' dir='ltr'>peccate</span> <span class='ocrx_word' id='word_1_69' title='bbox 1095 1130 1257 1195; x_wconf 89' lang='lat' dir='ltr'>mundare.</span> <span class='ocrx_word' id='word_1_70' title='bbox 1279 1131 1401 1212; x_wconf 89' lang='lat' dir='ltr'>Dicunt,</span> 
     </span>
     <span class='ocr_line' id='line_1_9' title="bbox 246 1229 1402 1319; baseline 0.004 -26"><span class='ocrx_word' id='word_1_71' title='bbox 246 1231 294 1294; x_wconf 89' lang='lat' dir='ltr'>lta</span> <span class='ocrx_word' id='word_1_72' title='bbox 309 1231 467 1294; x_wconf 86' lang='lat' dir='ltr'>antecedit</span> <span class='ocrx_word' id='word_1_73' title='bbox 478 1229 578 1313; x_wconf 73' lang='lat' dir='ltr'>gratia</span> <span class='ocrx_word' id='word_1_74' title='bbox 588 1229 722 1296; x_wconf 90' lang='lat' dir='ltr'>liberum</span> <span class='ocrx_word' id='word_1_75' title='bbox 737 1231 910 1313; x_wconf 84' lang='lat' dir='ltr'>arbitrium,</span> <span class='ocrx_word' id='word_1_76' title='bbox 925 1237 959 1296; x_wconf 93' lang='lat' dir='ltr'>ut</span> <span class='ocrx_word' id='word_1_77' title='bbox 973 1237 1046 1296; x_wconf 89' lang='lat' dir='ltr'>ante</span> <span class='ocrx_word' id='word_1_78' title='bbox 1057 1235 1197 1319; x_wconf 83' lang='lat' dir='ltr'>accipiet</span> <span class='ocrx_word' id='word_1_79' title='bbox 1207 1231 1302 1298; x_wconf 92' lang='lat' dir='ltr'>homo</span> <span class='ocrx_word' id='word_1_80' title='bbox 1314 1254 1402 1318; x_wconf 88' lang='lat' dir='ltr'>quam</span> 
     </span>
     <span class='ocr_line' id='line_1_10' title="bbox 247 1335 1401 1422; baseline 0.003 -27"><span class='ocrx_word' id='word_1_81' title='bbox 247 1337 346 1418; x_wconf 87' lang='lat' dir='ltr'>petat,</span> <span class='ocrx_word' id='word_1_82' title='bbox 365 1339 436 1397; x_wconf 88' lang='lat' dir='ltr'>ante</span> <span class='ocrx_word' id='word_1_83' title='bbox 451 1335 593 1397; x_wconf 86' lang='lat' dir='ltr'>inveniet</span> <span class='ocrx_word' id='word_1_84' title='bbox 608 1353 700 1416; x_wconf 89' lang='lat' dir='ltr'>quam</span> <span class='ocrx_word' id='word_1_85' title='bbox 716 1339 859 1418; x_wconf 87' lang='lat' dir='ltr'>quaerat,</span> <span class='ocrx_word' id='word_1_86' title='bbox 879 1339 951 1398; x_wconf 89' lang='lat' dir='ltr'>ante</span> <span class='ocrx_word' id='word_1_87' title='bbox 967 1335 996 1399; x_wconf 93' lang='lat' dir='ltr'>ei</span> <span class='ocrx_word' id='word_1_88' title='bbox 1010 1337 1167 1421; x_wconf 87' lang='lat' dir='ltr'>aperiatur</span> <span class='ocrx_word' id='word_1_89' title='bbox 1181 1356 1280 1421; x_wconf 89' lang='lat' dir='ltr'>quam</span> <span class='ocrx_word' id='word_1_90' title='bbox 1293 1335 1401 1422; x_wconf 87' lang='lat' dir='ltr'>pulset</span> 
     </span>
     <span class='ocr_line' id='line_1_11' title="bbox 245 1435 1402 1523; baseline 0.001 -23"><span class='ocrx_word' id='word_1_91' title='bbox 245 1436 362 1500; x_wconf 90' lang='lat' dir='ltr'>Dicunt</span> <span class='ocrx_word' id='word_1_92' title='bbox 376 1436 496 1500; x_wconf 93' lang='lat' dir='ltr'>nullum</span> <span class='ocrx_word' id='word_1_93' title='bbox 512 1435 551 1499; x_wconf 89' lang='lat' dir='ltr'>ad</span> <span class='ocrx_word' id='word_1_94' title='bbox 567 1435 682 1499; x_wconf 83' lang='lat' dir='ltr'>Christi</span> <span class='ocrx_word' id='word_1_95' title='bbox 699 1436 793 1500; x_wconf 90' lang='lat' dir='ltr'>fidem</span> <span class='ocrx_word' id='word_1_96' title='bbox 808 1437 956 1501; x_wconf 88' lang='lat' dir='ltr'>accedere</span> <span class='ocrx_word' id='word_1_97' title='bbox 972 1439 1033 1501; x_wconf 91' lang='lat' dir='ltr'>uisi</span> <span class='ocrx_word' id='word_1_98' title='bbox 1047 1440 1141 1502; x_wconf 79' lang='lat' dir='ltr'>tuerit</span> <span class='ocrx_word' id='word_1_99' title='bbox 1155 1444 1276 1523; x_wconf 85' lang='lat' dir='ltr'>epatre</span> <span class='ocrx_word' id='word_1_100' title='bbox 1288 1444 1402 1503; x_wconf 86' lang='lat' dir='ltr'>tractus</span> 
     </span>
     <span class='ocr_line' id='line_1_12' title="bbox 246 1536 1402 1627; baseline 0.003 -26"><span class='ocrx_word' id='word_1_101' title='bbox 246 1540 374 1618; x_wconf 88' lang='lat' dir='ltr'>invitus,</span> <span class='ocrx_word' id='word_1_102' title='bbox 389 1536 467 1602; x_wconf 91' lang='lat' dir='ltr'>illud</span> <span class='ocrx_word' id='word_1_103' title='bbox 482 1537 697 1619; x_wconf 82' lang='lat' dir='ltr'>adtendentes,</span> <span class='ocrx_word' id='word_1_104' title='bbox 713 1536 829 1603; x_wconf 84' lang='lat' dir='ltr'>¹Nemo</span> <span class='ocrx_word' id='word_1_105' title='bbox 843 1541 927 1604; x_wconf 81' lang='lat' dir='ltr'>venit</span> <span class='ocrx_word' id='word_1_106' title='bbox 941 1541 986 1604; x_wconf 88' lang='lat' dir='ltr'>od</span> <span class='ocrx_word' id='word_1_107' title='bbox 996 1563 1054 1622; x_wconf 82' lang='lat' dir='ltr'>nce,</span> <span class='ocrx_word' id='word_1_108' title='bbox 1068 1543 1133 1605; x_wconf 81' lang='lat' dir='ltr'>nisi</span> <span class='ocrx_word' id='word_1_109' title='bbox 1143 1563 1234 1626; x_wconf 81' lang='lat' dir='ltr'>quem</span> <span class='ocrx_word' id='word_1_110' title='bbox 1242 1552 1337 1627; x_wconf 81' lang='lat' dir='ltr'>poter</span> <span class='ocrx_word' id='word_1_111' title='bbox 1347 1541 1402 1604; x_wconf 86' lang='lat' dir='ltr'>od·</span> 
     </span>
     <span class='ocr_line' id='line_1_13' title="bbox 247 1640 1404 1729; baseline 0.003 -26"><span class='ocrx_word' id='word_1_112' title='bbox 247 1643 388 1704; x_wconf 68' lang='lat' dir='ltr'>traxerit.</span> <span class='ocrx_word' id='word_1_113' title='bbox 410 1640 527 1704; x_wconf 90' lang='lat' dir='ltr'>Dicunt</span> <span class='ocrx_word' id='word_1_114' title='bbox 543 1642 647 1705; x_wconf 90' lang='lat' dir='ltr'>omnia</span> <span class='ocrx_word' id='word_1_115' title='bbox 661 1660 723 1705; x_wconf 92' lang='lat' dir='ltr'>uon</span> <span class='ocrx_word' id='word_1_116' title='bbox 738 1643 771 1705; x_wconf 92' lang='lat' dir='ltr'>in</span> <span class='ocrx_word' id='word_1_117' title='bbox 787 1662 831 1724; x_wconf 70' lang='lat' dir='ltr'>re,</span> <span class='ocrx_word' id='word_1_118' title='bbox 846 1642 902 1706; x_wconf 88' lang='lat' dir='ltr'>sed</span> <span class='ocrx_word' id='word_1_119' title='bbox 917 1644 961 1706; x_wconf 89' lang='lat' dir='ltr'>ita</span> <span class='ocrx_word' id='word_1_120' title='bbox 975 1645 1008 1706; x_wconf 91' lang='lat' dir='ltr'>in</span> <span class='ocrx_word' id='word_1_121' title='bbox 1023 1664 1079 1729; x_wconf 90' lang='lat' dir='ltr'>spe</span> <span class='ocrx_word' id='word_1_122' title='bbox 1094 1643 1173 1725; x_wconf 89' lang='lat' dir='ltr'>tleri,</span> <span class='ocrx_word' id='word_1_123' title='bbox 1188 1650 1224 1708; x_wconf 91' lang='lat' dir='ltr'>ut</span> <span class='ocrx_word' id='word_1_124' title='bbox 1234 1643 1320 1728; x_wconf 90' lang='lat' dir='ltr'>quod</span> <span class='ocrx_word' id='word_1_125' title='bbox 1331 1642 1404 1708; x_wconf 87' lang='lat' dir='ltr'>dicit</span> 
     </span>
     <span class='ocr_line' id='line_1_14' title="bbox 247 1741 1402 1830; baseline 0.004 -24"><span class='ocrx_word' id='word_1_126' title='bbox 247 1743 416 1828; x_wconf 88' lang='lat' dir='ltr'>apostolus,</span> <span class='ocrx_word' id='word_1_127' title='bbox 431 1741 527 1829; x_wconf 74' lang='lat' dir='ltr'>²spu</span> <span class='ocrx_word' id='word_1_128' title='bbox 543 1766 624 1828; x_wconf 83' lang='lat' dir='ltr'>qaae</span> <span class='ocrx_word' id='word_1_129' title='bbox 637 1745 762 1808; x_wconf 83' lang='lat' dir='ltr'>videtur</span> <span class='ocrx_word' id='word_1_130' title='bbox 775 1765 839 1808; x_wconf 83' lang='lat' dir='ltr'>aon</span> <span class='ocrx_word' id='word_1_131' title='bbox 854 1755 986 1830; x_wconf 77' lang='lat' dir='ltr'>occupes,</span> <span class='ocrx_word' id='word_1_132' title='bbox 1002 1748 1097 1810; x_wconf 87' lang='lat' dir='ltr'>etiarn</span> <span class='ocrx_word' id='word_1_133' title='bbox 1107 1742 1166 1810; x_wconf 92' lang='lat' dir='ltr'>hec</span> <span class='ocrx_word' id='word_1_134' title='bbox 1178 1748 1338 1830; x_wconf 81' lang='lat' dir='ltr'>mysteriis</span> <span class='ocrx_word' id='word_1_135' title='bbox 1349 1746 1402 1811; x_wconf 90' lang='lat' dir='ltr'>ad·</span> 
     </span>
     <span class='ocr_line' id='line_1_15' title="bbox 247 1845 1404 1932; baseline 0.003 -24"><span class='ocrx_word' id='word_1_136' title='bbox 247 1846 365 1931; x_wconf 85' lang='lat' dir='ltr'>plicent</span> <span class='ocrx_word' id='word_1_137' title='bbox 380 1845 512 1928; x_wconf 89' lang='lat' dir='ltr'>dietum,</span> <span class='ocrx_word' id='word_1_138' title='bbox 533 1852 565 1909; x_wconf 92' lang='lat' dir='ltr'>et</span> <span class='ocrx_word' id='word_1_139' title='bbox 579 1846 700 1928; x_wconf 90' lang='lat' dir='ltr'>dicent,</span> <span class='ocrx_word' id='word_1_140' title='bbox 714 1847 758 1910; x_wconf 87' lang='lat' dir='ltr'>Ea</span> <span class='ocrx_word' id='word_1_141' title='bbox 773 1866 851 1930; x_wconf 85' lang='lat' dir='ltr'>quae</span> <span class='ocrx_word' id='word_1_142' title='bbox 866 1849 1093 1932; x_wconf 87' lang='lat' dir='ltr'>percipiuntur,</span> <span class='ocrx_word' id='word_1_143' title='bbox 1112 1847 1261 1913; x_wconf 88' lang='lat' dir='ltr'>videntur</span> <span class='ocrx_word' id='word_1_144' title='bbox 1281 1848 1404 1932; x_wconf 90' lang='lat' dir='ltr'>quidem</span> 
     </span>
     <span class='ocr_line' id='line_1_16' title="bbox 248 1948 1403 2035; baseline 0.003 -23"><span class='ocrx_word' id='word_1_145' title='bbox 248 1969 326 2030; x_wconf 89' lang='lat' dir='ltr'>esse,</span> <span class='ocrx_word' id='word_1_146' title='bbox 342 1948 397 2012; x_wconf 90' lang='lat' dir='ltr'>sed</span> <span class='ocrx_word' id='word_1_147' title='bbox 412 1969 474 2012; x_wconf 92' lang='lat' dir='ltr'>non</span> <span class='ocrx_word' id='word_1_148' title='bbox 490 1955 571 2013; x_wconf 88' lang='lat' dir='ltr'>suut.</span> <span class='ocrx_word' id='word_1_149' title='bbox 594 1949 719 2030; x_wconf 91' lang='lat' dir='ltr'>Dicunt,</span> <span class='ocrx_word' id='word_1_150' title='bbox 734 1948 808 2014; x_wconf 91' lang='lat' dir='ltr'>Plus</span> <span class='ocrx_word' id='word_1_151' title='bbox 823 1949 924 2013; x_wconf 88' lang='lat' dir='ltr'>obluit</span> <span class='ocrx_word' id='word_1_152' title='bbox 938 1949 978 2014; x_wconf 92' lang='lat' dir='ltr'>ad</span> <span class='ocrx_word' id='word_1_153' title='bbox 992 1951 1168 2016; x_wconf 89' lang='lat' dir='ltr'>nocendum</span> <span class='ocrx_word' id='word_1_154' title='bbox 1178 1950 1285 2015; x_wconf 81' lang='lat' dir='ltr'>Adam</span> <span class='ocrx_word' id='word_1_155' title='bbox 1302 1952 1403 2035; x_wconf 87' lang='lat' dir='ltr'>generi</span> 
     </span>
     <span class='ocr_line' id='line_1_17' title="bbox 246 2051 1403 2138; baseline 0.002 -21"><span class='ocrx_word' id='word_1_156' title='bbox 246 2053 321 2117; x_wconf 94' lang='lat' dir='ltr'>hum</span> <span class='ocrx_word' id='word_1_157' title='bbox 333 2072 488 2136; x_wconf 90' lang='lat' dir='ltr'>auoquam</span> <span class='ocrx_word' id='word_1_158' title='bbox 497 2051 638 2116; x_wconf 87' lang='lat' dir='ltr'>Christus</span> <span class='ocrx_word' id='word_1_159' title='bbox 650 2054 683 2114; x_wconf 92' lang='lat' dir='ltr'>iu</span> <span class='ocrx_word' id='word_1_160' title='bbox 695 2051 918 2117; x_wconf 88' lang='lat' dir='ltr'>subveniendo.</span> <span class='ocrx_word' id='word_1_161' title='bbox 934 2053 1131 2135; x_wconf 84' lang='lat' dir='ltr'>NamAdam,</span> <span class='ocrx_word' id='word_1_162' title='bbox 1142 2054 1242 2135; x_wconf 90' lang='lat' dir='ltr'>aiunt,</span> <span class='ocrx_word' id='word_1_163' title='bbox 1255 2053 1338 2138; x_wconf 89' lang='lat' dir='ltr'>qnod</span> <span class='ocrx_word' id='word_1_164' title='bbox 1349 2075 1403 2119; x_wconf 90' lang='lat' dir='ltr'>no·</span> 
     </span>
     <span class='ocr_line' id='line_1_18' title="bbox 248 2154 1404 2242; baseline 0.003 -22"><span class='ocrx_word' id='word_1_165' title='bbox 248 2157 312 2220; x_wconf 90' lang='lat' dir='ltr'>cuit</span> <span class='ocrx_word' id='word_1_166' title='bbox 325 2157 369 2218; x_wconf 91' lang='lat' dir='ltr'>ita</span> <span class='ocrx_word' id='word_1_167' title='bbox 383 2160 505 2237; x_wconf 91' lang='lat' dir='ltr'>manet,</span> <span class='ocrx_word' id='word_1_168' title='bbox 525 2161 560 2219; x_wconf 93' lang='lat' dir='ltr'>ut</span> <span class='ocrx_word' id='word_1_169' title='bbox 574 2155 632 2219; x_wconf 91' lang='lat' dir='ltr'>hoo</span> <span class='ocrx_word' id='word_1_170' title='bbox 649 2175 706 2218; x_wconf 91' lang='lat' dir='ltr'>nee</span> <span class='ocrx_word' id='word_1_171' title='bbox 721 2156 825 2240; x_wconf 86' lang='lat' dir='ltr'>passio</span> <span class='ocrx_word' id='word_1_172' title='bbox 842 2154 957 2219; x_wconf 84' lang='lat' dir='ltr'>Christi</span> <span class='ocrx_word' id='word_1_173' title='bbox 977 2176 1036 2221; x_wconf 91' lang='lat' dir='ltr'>uec</span> <span class='ocrx_word' id='word_1_174' title='bbox 1051 2156 1249 2242; x_wconf 85' lang='lat' dir='ltr'>baptismatis</span> <span class='ocrx_word' id='word_1_175' title='bbox 1266 2157 1404 2223; x_wconf 85' lang='lat' dir='ltr'>sanctifi·</span> 
     </span>
     <span class='ocr_line' id='line_1_19' title="bbox 247 2246 584 2343; baseline -0.012 -20"><span class='ocrx_word' id='word_1_176' title='bbox 247 2261 327 2323; x_wconf 88' lang='lat' dir='ltr'>catio</span> <span class='ocrx_word' id='word_1_177' title='bbox 341 2261 441 2343; x_wconf 92' lang='lat' dir='ltr'>possit</span> <span class='ocrx_word' id='word_1_178' title='bbox 455 2246 584 2321; x_wconf 78' lang='lat' dir='ltr'>auferre.</span> 
     </span>
    </p>

    <p class='ocr_par' dir='ltr' id='par_1_3' title="bbox 243 2359 1408 4401">
     <span class='ocr_line' id='line_1_20' title="bbox 308 2359 1403 2445; baseline 0.003 -21"><span class='ocrx_word' id='word_1_179' title='bbox 308 2361 424 2425; x_wconf 90' lang='lat' dir='ltr'>Verum</span> <span class='ocrx_word' id='word_1_180' title='bbox 441 2360 514 2445; x_wconf 91' lang='lat' dir='ltr'>quid</span> <span class='ocrx_word' id='word_1_181' title='bbox 528 2381 633 2424; x_wconf 89' lang='lat' dir='ltr'>moras</span> <span class='ocrx_word' id='word_1_182' title='bbox 649 2360 716 2442; x_wconf 89' lang='lat' dir='ltr'>tibi,</span> <span class='ocrx_word' id='word_1_183' title='bbox 733 2382 749 2425; x_wconf 96' lang='lat' dir='ltr'>o</span> <span class='ocrx_word' id='word_1_184' title='bbox 765 2359 864 2426; x_wconf 88' lang='lat' dir='ltr'>lector</span> <span class='ocrx_word' id='word_1_185' title='bbox 879 2366 986 2426; x_wconf 88' lang='lat' dir='ltr'>sancte</span> <span class='ocrx_word' id='word_1_186' title='bbox 1003 2367 1035 2425; x_wconf 88' lang='lat' dir='ltr'>et</span> <span class='ocrx_word' id='word_1_187' title='bbox 1049 2361 1197 2444; x_wconf 89' lang='lat' dir='ltr'>studiosa,</span> <span class='ocrx_word' id='word_1_188' title='bbox 1213 2359 1403 2429; x_wconf 77' lang='lat' dir='ltr'>incutimus?</span> 
     </span>
     <span class='ocr_line' id='line_1_21' title="bbox 245 2463 1403 2553; baseline 0.003 -25"><span class='ocrx_word' id='word_1_189' title='bbox 245 2463 374 2529; x_wconf 88' lang='lat' dir='ltr'>Librum</span> <span class='ocrx_word' id='word_1_190' title='bbox 389 2484 496 2549; x_wconf 85' lang='lat' dir='ltr'>eorum</span> <span class='ocrx_word' id='word_1_191' title='bbox 509 2463 568 2527; x_wconf 92' lang='lat' dir='ltr'>tibi</span> <span class='ocrx_word' id='word_1_192' title='bbox 582 2465 748 2546; x_wconf 88' lang='lat' dir='ltr'>integrum,</span> <span class='ocrx_word' id='word_1_193' title='bbox 764 2465 846 2528; x_wconf 92' lang='lat' dir='ltr'>sicut</span> <span class='ocrx_word' id='word_1_194' title='bbox 860 2468 909 2527; x_wconf 90' lang='lat' dir='ltr'>est</span> <span class='ocrx_word' id='word_1_195' title='bbox 923 2464 1036 2546; x_wconf 89' lang='lat' dir='ltr'>editus,</span> <span class='ocrx_word' id='word_1_196' title='bbox 1050 2467 1084 2530; x_wconf 93' lang='lat' dir='ltr'>in</span> <span class='ocrx_word' id='word_1_197' title='bbox 1099 2467 1161 2530; x_wconf 90' lang='lat' dir='ltr'>isto</span> <span class='ocrx_word' id='word_1_198' title='bbox 1173 2486 1304 2550; x_wconf 90' lang='lat' dir='ltr'>corpore</span> <span class='ocrx_word' id='word_1_199' title='bbox 1316 2488 1403 2553; x_wconf 81' lang='lat' dir='ltr'>prae·</span> 
     </span>
     <span class='ocr_line' id='line_1_22' title="bbox 246 2565 1403 2648; baseline 0.005 -18"><span class='ocrx_word' id='word_1_200' title='bbox 246 2572 416 2648; x_wconf 90' lang='lat' dir='ltr'>sentamus,</span> <span class='ocrx_word' id='word_1_201' title='bbox 432 2569 519 2631; x_wconf 90' lang='lat' dir='ltr'>ouius</span> <span class='ocrx_word' id='word_1_202' title='bbox 534 2565 667 2630; x_wconf 89' lang='lat' dir='ltr'>lectione</span> <span class='ocrx_word' id='word_1_203' title='bbox 684 2586 852 2648; x_wconf 89' lang='lat' dir='ltr'>cognosces</span> <span class='ocrx_word' id='word_1_204' title='bbox 868 2566 1065 2633; x_wconf 87' lang='lat' dir='ltr'>definitiones</span> <span class='ocrx_word' id='word_1_205' title='bbox 1081 2570 1147 2632; x_wconf 90' lang='lat' dir='ltr'>eius</span> <span class='ocrx_word' id='word_1_206' title='bbox 1167 2572 1403 2636; x_wconf 88' lang='lat' dir='ltr'>ametaterihus</span> 
     </span>
     <span class='ocr_line' id='line_1_23' title="bbox 246 2669 1403 2761; baseline 0.004 -27"><span class='ocrx_word' id='word_1_207' title='bbox 246 2670 422 2735; x_wconf 83' lang='lat' dir='ltr'>antichristi</span> <span class='ocrx_word' id='word_1_208' title='bbox 437 2669 631 2734; x_wconf 87' lang='lat' dir='ltr'>adinventas.</span> <span class='ocrx_word' id='word_1_209' title='bbox 656 2669 938 2753; x_wconf 87' lang='lat' dir='ltr'>Quotienscumque</span> <span class='ocrx_word' id='word_1_210' title='bbox 954 2675 1058 2735; x_wconf 90' lang='lat' dir='ltr'>eutem</span> <span class='ocrx_word' id='word_1_211' title='bbox 1073 2675 1180 2736; x_wconf 88' lang='lat' dir='ltr'>contra</span> <span class='ocrx_word' id='word_1_212' title='bbox 1194 2690 1248 2736; x_wconf 88' lang='lat' dir='ltr'>eos</span> <span class='ocrx_word' id='word_1_213' title='bbox 1265 2676 1403 2761; x_wconf 90' lang='lat' dir='ltr'>suscepi·</span> 
     </span>
     <span class='ocr_line' id='line_1_24' title="bbox 245 2772 1402 2857; baseline 0.003 -19"><span class='ocrx_word' id='word_1_214' title='bbox 245 2794 326 2855; x_wconf 91' lang='lat' dir='ltr'>mus,</span> <span class='ocrx_word' id='word_1_215' title='bbox 341 2773 487 2837; x_wconf 71' lang='lat' dir='ltr'>dixerunt</span> <span class='ocrx_word' id='word_1_216' title='bbox 501 2794 558 2837; x_wconf 92' lang='lat' dir='ltr'>nos</span> <span class='ocrx_word' id='word_1_217' title='bbox 570 2793 608 2835; x_wconf 85' lang='lat' dir='ltr'>ex</span> <span class='ocrx_word' id='word_1_218' title='bbox 619 2772 846 2836; x_wconf 90' lang='lat' dir='ltr'>haereticorum</span> <span class='ocrx_word' id='word_1_219' title='bbox 857 2774 986 2856; x_wconf 89' lang='lat' dir='ltr'>argutiis</span> <span class='ocrx_word' id='word_1_220' title='bbox 999 2779 1106 2838; x_wconf 89' lang='lat' dir='ltr'>contra</span> <span class='ocrx_word' id='word_1_221' title='bbox 1117 2794 1150 2837; x_wconf 86' lang='lat' dir='ltr'>se</span> <span class='ocrx_word' id='word_1_222' title='bbox 1162 2793 1264 2857; x_wconf 86' lang='lat' dir='ltr'>agere.</span> <span class='ocrx_word' id='word_1_223' title='bbox 1287 2776 1402 2841; x_wconf 81' lang='lat' dir='ltr'>Viden·</span> 
     </span>
     <span class='ocr_line' id='line_1_25' title="bbox 246 2876 1404 2961; baseline 0.003 -21"><span class='ocrx_word' id='word_1_224' title='bbox 246 2882 294 2940; x_wconf 87' lang='lat' dir='ltr'>tes</span> <span class='ocrx_word' id='word_1_225' title='bbox 309 2879 393 2940; x_wconf 91' lang='lat' dir='ltr'>enim</span> <span class='ocrx_word' id='word_1_226' title='bbox 409 2897 442 2939; x_wconf 91' lang='lat' dir='ltr'>se</span> <span class='ocrx_word' id='word_1_227' title='bbox 457 2879 501 2940; x_wconf 91' lang='lat' dir='ltr'>ita</span> <span class='ocrx_word' id='word_1_228' title='bbox 516 2877 666 2960; x_wconf 87' lang='lat' dir='ltr'>superari,</span> <span class='ocrx_word' id='word_1_229' title='bbox 680 2881 715 2938; x_wconf 91' lang='lat' dir='ltr'>ut</span> <span class='ocrx_word' id='word_1_230' title='bbox 727 2877 883 2960; x_wconf 88' lang='lat' dir='ltr'>suspirare</span> <span class='ocrx_word' id='word_1_231' title='bbox 895 2896 958 2941; x_wconf 92' lang='lat' dir='ltr'>uon</span> <span class='ocrx_word' id='word_1_232' title='bbox 969 2882 1108 2961; x_wconf 85' lang='lat' dir='ltr'>possent,</span> <span class='ocrx_word' id='word_1_233' title='bbox 1123 2876 1203 2940; x_wconf 92' lang='lat' dir='ltr'>hauc</span> <span class='ocrx_word' id='word_1_234' title='bbox 1216 2876 1404 2944; x_wconf 86' lang='lat' dir='ltr'>calumniam</span> 
     </span>
     <span class='ocr_line' id='line_1_26' title="bbox 247 2977 1403 3065; baseline 0.002 -21"><span class='ocrx_word' id='word_1_235' title='bbox 247 3001 369 3065; x_wconf 88' lang='lat' dir='ltr'>semper</span> <span class='ocrx_word' id='word_1_236' title='bbox 385 2978 544 3043; x_wconf 85' lang='lat' dir='ltr'>catholicis</span> <span class='ocrx_word' id='word_1_237' title='bbox 560 2979 681 3042; x_wconf 86' lang='lat' dir='ltr'>nisibus</span> <span class='ocrx_word' id='word_1_238' title='bbox 697 2981 894 3061; x_wconf 88' lang='lat' dir='ltr'>iurogarunt,</span> <span class='ocrx_word' id='word_1_239' title='bbox 914 2984 950 3042; x_wconf 87' lang='lat' dir='ltr'>ut</span> <span class='ocrx_word' id='word_1_240' title='bbox 965 2978 1040 3043; x_wconf 91' lang='lat' dir='ltr'>dnm</span> <span class='ocrx_word' id='word_1_241' title='bbox 1054 2981 1168 3043; x_wconf 90' lang='lat' dir='ltr'>timent</span> <span class='ocrx_word' id='word_1_242' title='bbox 1182 3000 1216 3044; x_wconf 89' lang='lat' dir='ltr'>se</span> <span class='ocrx_word' id='word_1_243' title='bbox 1231 2977 1403 3046; x_wconf 84' lang='lat' dir='ltr'>haereticos</span> 
     </span>
     <span class='ocr_line' id='line_1_27' title="bbox 247 3080 1403 3168; baseline 0.002 -20"><span class='ocrx_word' id='word_1_244' title='bbox 247 3083 408 3163; x_wconf 88' lang='lat' dir='ltr'>infamari,</span> <span class='ocrx_word' id='word_1_245' title='bbox 428 3084 461 3145; x_wconf 93' lang='lat' dir='ltr'>in</span> <span class='ocrx_word' id='word_1_246' title='bbox 482 3081 605 3146; x_wconf 87' lang='lat' dir='ltr'>silentio</span> <span class='ocrx_word' id='word_1_247' title='bbox 626 3083 766 3145; x_wconf 78' lang='lat' dir='ltr'>ueritatis</span> <span class='ocrx_word' id='word_1_248' title='bbox 787 3080 944 3165; x_wconf 89' lang='lat' dir='ltr'>loquelam</span> <span class='ocrx_word' id='word_1_249' title='bbox 959 3088 1106 3147; x_wconf 79' lang='lat' dir='ltr'>atterent.</span> <span class='ocrx_word' id='word_1_250' title='bbox 1141 3080 1256 3148; x_wconf 79' lang='lat' dir='ltr'>Eorum</span> <span class='ocrx_word' id='word_1_251' title='bbox 1277 3104 1350 3168; x_wconf 89' lang='lat' dir='ltr'>ergo</span> <span class='ocrx_word' id='word_1_252' title='bbox 1365 3084 1403 3150; x_wconf 93' lang='lat' dir='ltr'>oh</span> 
     </span>
     <span class='ocr_line' id='line_1_28' title="bbox 247 3183 1404 3271; baseline 0.003 -22"><span class='ocrx_word' id='word_1_253' title='bbox 247 3206 373 3250; x_wconf 88' lang='lat' dir='ltr'>causam</span> <span class='ocrx_word' id='word_1_254' title='bbox 395 3205 501 3248; x_wconf 89' lang='lat' dir='ltr'>omues</span> <span class='ocrx_word' id='word_1_255' title='bbox 523 3184 706 3247; x_wconf 74' lang='lat' dir='ltr'>haeresesa</span> <span class='ocrx_word' id='word_1_256' title='bbox 720 3183 846 3248; x_wconf 88' lang='lat' dir='ltr'>Simone</span> <span class='ocrx_word' id='word_1_257' title='bbox 869 3191 1079 3249; x_wconf 83' lang='lat' dir='ltr'>memorantes</span> <span class='ocrx_word' id='word_1_258' title='bbox 1100 3183 1262 3271; x_wconf 87' lang='lat' dir='ltr'>hucusque</span> <span class='ocrx_word' id='word_1_259' title='bbox 1286 3187 1404 3253; x_wconf 86' lang='lat' dir='ltr'>detexi·</span> 
     </span>
     <span class='ocr_line' id='line_1_29' title="bbox 246 3286 1403 3376; baseline 0.002 -22"><span class='ocrx_word' id='word_1_260' title='bbox 246 3310 326 3370; x_wconf 90' lang='lat' dir='ltr'>mus,</span> <span class='ocrx_word' id='word_1_261' title='bbox 341 3293 376 3352; x_wconf 92' lang='lat' dir='ltr'>ut</span> <span class='ocrx_word' id='word_1_262' title='bbox 389 3287 556 3372; x_wconf 89' lang='lat' dir='ltr'>probemus</span> <span class='ocrx_word' id='word_1_263' title='bbox 572 3307 629 3351; x_wconf 91' lang='lat' dir='ltr'>nos</span> <span class='ocrx_word' id='word_1_264' title='bbox 645 3286 702 3350; x_wconf 92' lang='lat' dir='ltr'>soli</span> <span class='ocrx_word' id='word_1_265' title='bbox 718 3287 792 3351; x_wconf 83' lang='lat' dir='ltr'>fidei</span> <span class='ocrx_word' id='word_1_266' title='bbox 807 3286 978 3352; x_wconf 87' lang='lat' dir='ltr'>catholicae</span> <span class='ocrx_word' id='word_1_267' title='bbox 993 3309 1063 3353; x_wconf 90' lang='lat' dir='ltr'>esse</span> <span class='ocrx_word' id='word_1_268' title='bbox 1084 3288 1265 3354; x_wconf 88' lang='lat' dir='ltr'>concordes.</span> <span class='ocrx_word' id='word_1_269' title='bbox 1302 3290 1403 3376; x_wconf 90' lang='lat' dir='ltr'>Roga·</span> 
     </span>
     <span class='ocr_line' id='line_1_30' title="bbox 247 3388 1405 3481; baseline 0.002 -24"><span class='ocrx_word' id='word_1_270' title='bbox 247 3414 316 3458; x_wconf 91' lang='lat' dir='ltr'>mus</span> <span class='ocrx_word' id='word_1_271' title='bbox 331 3397 373 3473; x_wconf 90' lang='lat' dir='ltr'>te,</span> <span class='ocrx_word' id='word_1_272' title='bbox 389 3388 512 3454; x_wconf 90' lang='lat' dir='ltr'>domiue</span> <span class='ocrx_word' id='word_1_273' title='bbox 532 3395 621 3474; x_wconf 90' lang='lat' dir='ltr'>peter</span> <span class='ocrx_word' id='word_1_274' title='bbox 641 3389 719 3454; x_wconf 88' lang='lat' dir='ltr'>caeli</span> <span class='ocrx_word' id='word_1_275' title='bbox 736 3395 767 3453; x_wconf 90' lang='lat' dir='ltr'>et</span> <span class='ocrx_word' id='word_1_276' title='bbox 781 3396 898 3472; x_wconf 87' lang='lat' dir='ltr'>terrae,</span> <span class='ocrx_word' id='word_1_277' title='bbox 919 3393 971 3474; x_wconf 92' lang='lat' dir='ltr'>qui</span> <span class='ocrx_word' id='word_1_278' title='bbox 994 3410 1065 3455; x_wconf 91' lang='lat' dir='ltr'>cum</span> <span class='ocrx_word' id='word_1_279' title='bbox 1084 3390 1147 3457; x_wconf 88' lang='lat' dir='ltr'>lllio</span> <span class='ocrx_word' id='word_1_280' title='bbox 1166 3396 1220 3455; x_wconf 93' lang='lat' dir='ltr'>tue</span> <span class='ocrx_word' id='word_1_281' title='bbox 1241 3397 1275 3456; x_wconf 92' lang='lat' dir='ltr'>et</span> <span class='ocrx_word' id='word_1_282' title='bbox 1294 3395 1405 3481; x_wconf 86' lang='lat' dir='ltr'>spiritu</span> 
     </span>
     <span class='ocr_line' id='line_1_31' title="bbox 247 3492 1406 3576; baseline 0.001 -15"><span class='ocrx_word' id='word_1_283' title='bbox 247 3503 354 3561; x_wconf 86' lang='lat' dir='ltr'>sancto</span> <span class='ocrx_word' id='word_1_284' title='bbox 369 3495 461 3558; x_wconf 90' lang='lat' dir='ltr'>unius</span> <span class='ocrx_word' id='word_1_285' title='bbox 476 3494 617 3557; x_wconf 86' lang='lat' dir='ltr'>veritatis</span> <span class='ocrx_word' id='word_1_286' title='bbox 633 3492 756 3556; x_wconf 88' lang='lat' dir='ltr'>obtines</span> <span class='ocrx_word' id='word_1_287' title='bbox 771 3495 980 3576; x_wconf 87' lang='lat' dir='ltr'>maiestatem,</span> <span class='ocrx_word' id='word_1_288' title='bbox 996 3496 1086 3558; x_wconf 90' lang='lat' dir='ltr'>unius</span> <span class='ocrx_word' id='word_1_289' title='bbox 1097 3496 1272 3560; x_wconf 85' lang='lat' dir='ltr'>maiestatis</span> <span class='ocrx_word' id='word_1_290' title='bbox 1284 3496 1406 3563; x_wconf 87' lang='lat' dir='ltr'>obtines</span> 
     </span>
     <span class='ocr_line' id='line_1_32' title="bbox 248 3595 1407 3680; baseline 0.001 -16"><span class='ocrx_word' id='word_1_291' title='bbox 248 3599 410 3680; x_wconf 85' lang='lat' dir='ltr'>deitatem,</span> <span class='ocrx_word' id='word_1_292' title='bbox 430 3598 523 3661; x_wconf 89' lang='lat' dir='ltr'>unius</span> <span class='ocrx_word' id='word_1_293' title='bbox 539 3596 665 3660; x_wconf 90' lang='lat' dir='ltr'>deitatis</span> <span class='ocrx_word' id='word_1_294' title='bbox 681 3595 803 3660; x_wconf 87' lang='lat' dir='ltr'>obtines</span> <span class='ocrx_word' id='word_1_295' title='bbox 818 3599 1006 3677; x_wconf 88' lang='lat' dir='ltr'>trinitatem,</span> <span class='ocrx_word' id='word_1_296' title='bbox 1026 3603 1062 3660; x_wconf 91' lang='lat' dir='ltr'>nt</span> <span class='ocrx_word' id='word_1_297' title='bbox 1081 3617 1138 3662; x_wconf 91' lang='lat' dir='ltr'>uos</span> <span class='ocrx_word' id='word_1_298' title='bbox 1153 3596 1284 3665; x_wconf 70' lang='lat' dir='ltr'>adium</span> <span class='ocrx_word' id='word_1_299' title='bbox 1298 3608 1407 3666; x_wconf 82' lang='lat' dir='ltr'>contra</span> 
     </span>
     <span class='ocr_line' id='line_1_33' title="bbox 246 3698 1406 3789; baseline 0.002 -21"><span class='ocrx_word' id='word_1_300' title='bbox 246 3704 352 3770; x_wconf 91' lang='lat' dir='ltr'>hostes</span> <span class='ocrx_word' id='word_1_301' title='bbox 364 3700 525 3766; x_wconf 82' lang='lat' dir='ltr'>tu0s³tela</span> <span class='ocrx_word' id='word_1_302' title='bbox 535 3703 716 3763; x_wconf 88' lang='lat' dir='ltr'>tractantes.</span> <span class='ocrx_word' id='word_1_303' title='bbox 738 3699 883 3763; x_wconf 90' lang='lat' dir='ltr'>Habeant</span> <span class='ocrx_word' id='word_1_304' title='bbox 892 3698 938 3763; x_wconf 93' lang='lat' dir='ltr'>illi</span> <span class='ocrx_word' id='word_1_305' title='bbox 950 3703 1053 3764; x_wconf 89' lang='lat' dir='ltr'>cestra</span> <span class='ocrx_word' id='word_1_306' title='bbox 1064 3698 1168 3765; x_wconf 89' lang='lat' dir='ltr'>Goliae</span> <span class='ocrx_word' id='word_1_307' title='bbox 1179 3700 1213 3765; x_wconf 89' lang='lat' dir='ltr'>iu</span> <span class='ocrx_word' id='word_1_308' title='bbox 1223 3700 1406 3789; x_wconf 79' lang='lat' dir='ltr'>Allophylo·</span> 
     </span>
     <span class='ocr_line' id='line_1_34' title="bbox 247 3801 1405 3888; baseline 0 -16"><span class='ocrx_word' id='word_1_309' title='bbox 247 3829 316 3872; x_wconf 89' lang='lat' dir='ltr'>rum</span> <span class='ocrx_word' id='word_1_310' title='bbox 337 3807 402 3869; x_wconf 90' lang='lat' dir='ltr'>acie</span> <span class='ocrx_word' id='word_1_311' title='bbox 423 3805 600 3868; x_wconf 91' lang='lat' dir='ltr'>constituta.</span> <span class='ocrx_word' id='word_1_312' title='bbox 622 3801 685 3867; x_wconf 91' lang='lat' dir='ltr'>Nos</span> <span class='ocrx_word' id='word_1_313' title='bbox 700 3801 847 3884; x_wconf 87' lang='lat' dir='ltr'>Hebraei,</span> <span class='ocrx_word' id='word_1_314' title='bbox 861 3804 949 3887; x_wconf 90' lang='lat' dir='ltr'>pueri</span> <span class='ocrx_word' id='word_1_315' title='bbox 960 3805 1006 3866; x_wconf 91' lang='lat' dir='ltr'>tui</span> <span class='ocrx_word' id='word_1_316' title='bbox 1018 3802 1120 3868; x_wconf 89' lang='lat' dir='ltr'>David</span> <span class='ocrx_word' id='word_1_317' title='bbox 1131 3804 1336 3888; x_wconf 83' lang='lat' dir='ltr'>pastoforium</span> <span class='ocrx_word' id='word_1_318' title='bbox 1350 3805 1405 3872; x_wconf 90' lang='lat' dir='ltr'>ad·</span> 
     </span>
     <span class='ocr_line' id='line_1_35' title="bbox 248 3904 1406 3994; baseline 0.001 -20"><span class='ocrx_word' id='word_1_319' title='bbox 248 3915 406 3974; x_wconf 89' lang='lat' dir='ltr'>sumentes</span> <span class='ocrx_word' id='word_1_320' title='bbox 419 3907 456 3972; x_wconf 90' lang='lat' dir='ltr'>de</span> <span class='ocrx_word' id='word_1_321' title='bbox 464 3905 568 3992; x_wconf 91' lang='lat' dir='ltr'>lapide</span> <span class='ocrx_word' id='word_1_322' title='bbox 580 3911 632 3969; x_wconf 92' lang='lat' dir='ltr'>tuo</span> <span class='ocrx_word' id='word_1_323' title='bbox 645 3905 785 3988; x_wconf 85' lang='lat' dir='ltr'>angulari</span> <span class='ocrx_word' id='word_1_324' title='bbox 795 3925 979 3991; x_wconf 87' lang='lat' dir='ltr'>pugnemus,</span> <span class='ocrx_word' id='word_1_325' title='bbox 994 3911 1029 3969; x_wconf 92' lang='lat' dir='ltr'>ut</span> <span class='ocrx_word' id='word_1_326' title='bbox 1040 3904 1172 3970; x_wconf 85' lang='lat' dir='ltr'>fidenter</span> <span class='ocrx_word' id='word_1_327' title='bbox 1183 3927 1255 3973; x_wconf 88' lang='lat' dir='ltr'>oum</span> <span class='ocrx_word' id='word_1_328' title='bbox 1267 3910 1406 3994; x_wconf 85' lang='lat' dir='ltr'>apostolo</span> 
     </span>
     <span class='ocr_line' id='line_1_36' title="bbox 247 4007 1408 4094; baseline 0.002 -18"><span class='ocrx_word' id='word_1_329' title='bbox 247 4018 300 4078; x_wconf 91' lang='lat' dir='ltr'>tuo</span> <span class='ocrx_word' id='word_1_330' title='bbox 313 4012 416 4076; x_wconf 89' lang='lat' dir='ltr'>dicere</span> <span class='ocrx_word' id='word_1_331' title='bbox 427 4010 596 4090; x_wconf 87' lang='lat' dir='ltr'>valeamus,</span> <span class='ocrx_word' id='word_1_332' title='bbox 610 4008 696 4073; x_wconf 81' lang='lat' dir='ltr'>⁴Deo</span> <span class='ocrx_word' id='word_1_333' title='bbox 707 4019 813 4073; x_wconf 76' lang='lat' dir='ltr'>nostre</span> <span class='ocrx_word' id='word_1_334' title='bbox 825 4011 959 4093; x_wconf 77' lang='lat' dir='ltr'>pretias,</span> <span class='ocrx_word' id='word_1_335' title='bbox 975 4011 1033 4094; x_wconf 83' lang='lat' dir='ltr'>qai</span> <span class='ocrx_word' id='word_1_336' title='bbox 1045 4009 1130 4073; x_wconf 79' lang='lat' dir='ltr'>dedit</span> <span class='ocrx_word' id='word_1_337' title='bbox 1143 4007 1232 4075; x_wconf 64' lang='lat' dir='ltr'>nobas</span> <span class='ocrx_word' id='word_1_338' title='bbox 1242 4014 1408 4081; x_wconf 70' lang='lat' dir='ltr'>uictoriam</span> 
     </span>
     <span class='ocr_line' id='line_1_37' title="bbox 243 4109 1406 4202; baseline 0.002 -22"><span class='ocrx_word' id='word_1_339' title='bbox 243 4139 304 4202; x_wconf 84' lang='lat' dir='ltr'>per</span> <span class='ocrx_word' id='word_1_340' title='bbox 326 4116 484 4179; x_wconf 80' lang='lat' dir='ltr'>dominum</span> <span class='ocrx_word' id='word_1_341' title='bbox 497 4123 639 4177; x_wconf 80' lang='lat' dir='ltr'>nostram</span> <span class='ocrx_word' id='word_1_342' title='bbox 651 4112 755 4176; x_wconf 83' lang='lat' dir='ltr'>Issam</span> <span class='ocrx_word' id='word_1_343' title='bbox 772 4109 937 4176; x_wconf 81' lang='lat' dir='ltr'>Christum.</span> <span class='ocrx_word' id='word_1_344' title='bbox 974 4111 1023 4177; x_wconf 86' lang='lat' dir='ltr'>Sit</span> <span class='ocrx_word' id='word_1_345' title='bbox 1040 4132 1102 4197; x_wconf 87' lang='lat' dir='ltr'>pax</span> <span class='ocrx_word' id='word_1_346' title='bbox 1116 4111 1261 4177; x_wconf 88' lang='lat' dir='ltr'>omnihus</span> <span class='ocrx_word' id='word_1_347' title='bbox 1277 4114 1406 4182; x_wconf 85' lang='lat' dir='ltr'>catholi-</span> 
     </span>
     <span class='ocr_line' id='line_1_38' title="bbox 249 4214 1408 4301; baseline 0.002 -19"><span class='ocrx_word' id='word_1_348' title='bbox 249 4221 309 4300; x_wconf 89' lang='lat' dir='ltr'>cis,</span> <span class='ocrx_word' id='word_1_349' title='bbox 330 4222 362 4281; x_wconf 91' lang='lat' dir='ltr'>et</span> <span class='ocrx_word' id='word_1_350' title='bbox 382 4238 454 4280; x_wconf 89' lang='lat' dir='ltr'>oum</span> <span class='ocrx_word' id='word_1_351' title='bbox 474 4215 592 4298; x_wconf 88' lang='lat' dir='ltr'>angelis</span> <span class='ocrx_word' id='word_1_352' title='bbox 615 4235 678 4279; x_wconf 89' lang='lat' dir='ltr'>une</span> <span class='ocrx_word' id='word_1_353' title='bbox 698 4214 864 4278; x_wconf 88' lang='lat' dir='ltr'>nobiscum</span> <span class='ocrx_word' id='word_1_354' title='bbox 882 4234 958 4280; x_wconf 88' lang='lat' dir='ltr'>voce</span> <span class='ocrx_word' id='word_1_355' title='bbox 973 4214 1164 4298; x_wconf 88' lang='lat' dir='ltr'>exclament,</span> <span class='ocrx_word' id='word_1_356' title='bbox 1185 4214 1408 4301; x_wconf 81' lang='lat' dir='ltr'>decantantes,</span> 
     </span>
     <span class='ocr_line' id='line_1_39' title="bbox 250 4316 1406 4401; baseline 0.002 -15"><span class='ocrx_word' id='word_1_357' title='bbox 250 4321 353 4387; x_wconf 86' lang='lat' dir='ltr'>Gloria</span> <span class='ocrx_word' id='word_1_358' title='bbox 367 4322 401 4383; x_wconf 89' lang='lat' dir='ltr'>in</span> <span class='ocrx_word' id='word_1_359' title='bbox 416 4318 547 4383; x_wconf 85' lang='lat' dir='ltr'>excelsis</span> <span class='ocrx_word' id='word_1_360' title='bbox 563 4319 636 4400; x_wconf 89' lang='lat' dir='ltr'>deo,</span> <span class='ocrx_word' id='word_1_361' title='bbox 651 4324 683 4382; x_wconf 92' lang='lat' dir='ltr'>ct</span> <span class='ocrx_word' id='word_1_362' title='bbox 695 4320 730 4382; x_wconf 89' lang='lat' dir='ltr'>iu</span> <span class='ocrx_word' id='word_1_363' title='bbox 744 4322 828 4381; x_wconf 86' lang='lat' dir='ltr'>terra</span> <span class='ocrx_word' id='word_1_364' title='bbox 841 4337 903 4401; x_wconf 88' lang='lat' dir='ltr'>pax</span> <span class='ocrx_word' id='word_1_365' title='bbox 917 4317 1097 4383; x_wconf 89' lang='lat' dir='ltr'>hominibus</span> <span class='ocrx_word' id='word_1_366' title='bbox 1111 4316 1213 4383; x_wconf 85' lang='lat' dir='ltr'>bonae</span> <span class='ocrx_word' id='word_1_367' title='bbox 1225 4318 1406 4388; x_wconf 76' lang='lat' dir='ltr'>voluntatis</span> 
     </span>
    </p>
   </div>
   <div class='ocr_carea' id='block_1_3' title="bbox 270 4439 1382 4562">
    <p class='ocr_par' dir='ltr' id='par_1_4' title="bbox 270 4439 1382 4562">
     <span class='ocr_line' id='line_1_40' title="bbox 270 4439 1382 4495; baseline 0.002 -2"><span class='ocrx_word' id='word_1_368' title='bbox 270 4439 400 4493; x_wconf 76' lang='lat' dir='ltr'>EXPLICIT</span> <span class='ocrx_word' id='word_1_369' title='bbox 412 4454 491 4490; x_wconf 71' lang='lat' dir='ltr'><strong>LIBER</strong></span> <span class='ocrx_word' id='word_1_370' title='bbox 504 4452 684 4491; x_wconf 70' lang='lat' dir='ltr'>consonamus</span> <span class='ocrx_word' id='word_1_371' title='bbox 697 4453 754 4489; x_wconf 76' lang='lat' dir='ltr'>elva</span> <span class='ocrx_word' id='word_1_372' title='bbox 767 4450 880 4489; x_wconf 75' lang='lat' dir='ltr'>seuleus</span> <span class='ocrx_word' id='word_1_373' title='bbox 892 4453 950 4489; x_wconf 67' lang='lat' dir='ltr'>SIVE</span> <span class='ocrx_word' id='word_1_374' title='bbox 963 4452 1118 4491; x_wconf 69' lang='lat' dir='ltr'>accusaret</span> <span class='ocrx_word' id='word_1_375' title='bbox 1128 4452 1339 4495; x_wconf 66' lang='grc' dir='ltr'>ΙΑΙΒΙΜΟΜ</span> <span class='ocrx_word' id='word_1_376' title='bbox 1349 4457 1382 4495; x_wconf 67' lang='lat' dir='ltr'>H</span> 
     </span>
     <span class='ocr_line' id='line_1_41' title="bbox 646 4519 1010 4562; baseline 0.008 -3"><span class='ocrx_word' id='word_1_377' title='bbox 646 4519 854 4559; x_wconf 73' lang='lat' dir='ltr'>cannonlcetsuu</span> <span class='ocrx_word' id='word_1_378' title='bbox 865 4522 1010 4562; x_wconf 72' lang='grc' dir='ltr'><strong>ΒΙΙΕΙΙΒΟΒ.</strong></span> 
     </span>
    </p>
   </div>
   <div class='ocr_carea' id='block_1_4' title="bbox 250 4623 1405 4767">
    <p class='ocr_par' dir='ltr' id='par_1_5' title="bbox 250 4623 1405 4767">
     <span class='ocr_line' id='line_1_42' title="bbox 317 4623 1405 4699; baseline 0.002 -18"><span class='ocrx_word' id='word_1_379' title='bbox 317 4624 447 4699; x_wconf 80' lang='lat' dir='ltr'>GapXG.</span> <span class='ocrx_word' id='word_1_380' title='bbox 459 4656 492 4666; x_wconf 95' lang='lat'><em>-</em></span> <span class='ocrx_word' id='word_1_381' title='bbox 516 4626 537 4679; x_wconf 94' lang='lat' dir='ltr'>l.</span> <span class='ocrx_word' id='word_1_382' title='bbox 554 4624 662 4678; x_wconf 89' lang='lat' dir='ltr'>Iehauu.</span> <span class='ocrx_word' id='word_1_383' title='bbox 678 4623 722 4678; x_wconf 85' lang='lat' dir='ltr'>VI.</span> <span class='ocrx_word' id='word_1_384' title='bbox 734 4623 777 4680; x_wconf 80' lang='lat'>44.</span> <span class='ocrx_word' id='word_1_385' title='bbox 829 4623 854 4677; x_wconf 73' lang='lat' dir='ltr'>t.</span> <span class='ocrx_word' id='word_1_386' title='bbox 870 4623 947 4682; x_wconf 81' lang='lat' dir='ltr'>Rem.</span> <span class='ocrx_word' id='word_1_387' title='bbox 964 4624 1032 4681; x_wconf 88' lang='lat' dir='ltr'><strong>VIII.</strong></span> <span class='ocrx_word' id='word_1_388' title='bbox 1044 4625 1086 4683; x_wconf 71' lang='lat'>24.</span> <span class='ocrx_word' id='word_1_389' title='bbox 1135 4624 1337 4685; x_wconf 68' lang='lat' dir='ltr'>animatu</span> <span class='ocrx_word' id='word_1_390' title='bbox 1351 4626 1405 4683; x_wconf 65' lang='lat' dir='ltr'><strong><em>R</em></strong></span> 
     </span>
     <span class='ocr_line' id='line_1_43' title="bbox 250 4690 940 4767; baseline 0 -17"><span class='ocrx_word' id='word_1_391' title='bbox 250 4696 318 4767; x_wconf 67' lang='lat' dir='ltr'>Auo.</span> <span class='ocrx_word' id='word_1_392' title='bbox 333 4696 407 4761; x_wconf 78' lang='lat' dir='ltr'>Quod</span> <span class='ocrx_word' id='word_1_393' title='bbox 416 4711 501 4750; x_wconf 79' lang='lat' dir='ltr'>oerum</span> <span class='ocrx_word' id='word_1_394' title='bbox 507 4703 580 4765; x_wconf 81' lang='lat' dir='ltr'>pete.</span> <span class='ocrx_word' id='word_1_395' title='bbox 629 4693 654 4747; x_wconf 83' lang='lat'>4.</span> <span class='ocrx_word' id='word_1_396' title='bbox 666 4690 804 4750; x_wconf 80' lang='lat' dir='ltr'>IOerinth.</span> <span class='ocrx_word' id='word_1_397' title='bbox 815 4690 886 4748; x_wconf 84' lang='lat' dir='ltr'><strong>XIII.</strong></span> <span class='ocrx_word' id='word_1_398' title='bbox 900 4692 940 4750; x_wconf 79' lang='lat'>17.</span> 
     </span>
    </p>
   </div>
   <div class='ocr_carea' id='block_1_5' title="bbox 727 4792 928 4813">
    <p class='ocr_par' dir='ltr' id='par_1_6' title="bbox 727 4792 928 4813">
     <span class='ocr_line' id='line_1_44' title="bbox 727 4792 928 4813; baseline -0.01 0"><span class='ocrx_word' id='word_1_399' title='bbox 727 4792 928 4813; x_wconf 70' lang='grc' dir='ltr'>-δ-ιι-</span> 
     </span>
    </p>
   </div>
   <div class='ocr_carea' id='block_1_6' title="bbox 0 0 1529 5124">
    <p class='ocr_par' dir='ltr' id='par_1_7' title="bbox 0 0 1529 5124">
     <span class='ocr_line' id='line_1_45' title="bbox 0 0 1529 5124; baseline 0 0"><span class='ocrx_word' id='word_1_400' title='bbox 0 0 1529 5124; x_wconf 95' lang='lat' dir='ltr'> </span> 
     </span>
    </p>
   </div>
  </div>
 </body>
</html>
