3046 5124
549 334 757 379 enarramus
1168 282 1230 401 pgg

70 512 144 559 oum
157 496 225 559 slat
236 495 357 580 priores
371 511 452 579 pene
467 492 611 559 omnibus
625 492 802 574 haereticis,
817 512 900 557 nunc
910 493 1026 556 nostris
1037 490 1232 578 temporibus

70 596 163 661 finiti.
200 596 258 661 Isti
272 596 389 661 ex‘filio
405 595 491 661 Adae
508 595 568 661 sibi
583 597 719 659 nominis
741 594 965 659 derivationem
981 595 1231 679 adsumpserunt,

69 698 103 763 id
116 703 169 763 est
182 699 223 763 ab
238 699 317 764 Abel
333 699 494 764 Abeloitas
510 720 543 763 se
558 701 711 762 nominari
725 699 900 762 voluerunt.
923 698 964 761 Ili
978 719 1040 761 non
1051 697 1229 762 misceban-

68 807 122 866 tur
134 801 297 884 uxoribus,
312 808 344 866 et
357 809 464 866 temen
480 823 542 866 non
556 801 672 865 licebat
686 806 790 865 000100
805 801 867 886 ipsi
886 806 922 863 ut
936 803 1003 863 sinc
1019 799 1167 863 uxoribus
1181 802 1229 863 ui-

68 910 189 970 varena
231 905 298 969 blas
320 925 392 987 ergo
413 910 444 967 et
462 906 595 985 femina,
616 903 674 967 sub
695 905 905 968 continentiae
925 903 1117 988 professione
1138 901 1231 966 annul

68 1004 251 1081 habitantes
264 1027 395 1093 puerum
410 1014 442 1071 et
456 1007 592 1092 puellam
607 1006 668 1071 sibi
683 1004 885 1091 adoptabant,
899 1008 933 1069 in
944 1006 1085 1069 eiusdem
1100 1007 1230 1070 coniun-

68 1111 187 1175 ctionis
200 1117 291 1195 paeto
307 1130 504 1175 successores
519 1110 648 1174 futuros.
670 1109 768 1173 llorte
783 1111 963 1193 praeventis
976 1109 1148 1192 quibusque
1163 1108 1229 1172 sin·

68 1210 152 1297 gulis
167 1212 223 1277 alii
237 1213 495 1296 subrogabantur,
518 1212 592 1276 dum
606 1219 712 1275 tamen
728 1212 787 1275 duo
804 1210 924 1275 duobus
940 1211 1074 1296 disparis
1089 1230 1182 1274 sexus
1197 1213 1230 1274 in

68 1314 156 1379 illius
172 1315 282 1381 domus
298 1318 447 1381 societate
463 1314 677 1380 succederent.
714 1313 870 1378 Utrolibet
890 1316 1006 1398 qnippe
1025 1319 1154 1397 parente
1175 1313 1229 1376 de·

68 1416 180 1483 functo
194 1421 249 1483 uni
264 1422 438 1483 remanenti
453 1439 551 1504 usquo
567 1417 607 1483 ad
622 1420 689 1481 eius
704 1437 826 1500 quoque
842 1416 961 1480 obitum
973 1416 1028 1479 filii
1040 1415 1230 1495 serviebant3

68 1527 143 1606 post
157 1522 247 1585 euius
265 1527 396 1586 mortem
413 1525 508 1585 etiam
529 1522 589 1605 ipsi
604 1540 734 1604 puerum
751 1525 782 1582 et
792 1518 929 1604 puellam
945 1517 1089 1582 similiter
1100 1516 1229 1602 adopta-

67 1620 157 1687 bant
192 1622 259 1688 Nec
278 1644 418 1708 unquam
439 1625 484 1688 eis
506 1623 604 1688 deluit
619 1622 702 1686 unde
717 1622 917 1707 adoptarent,
933 1620 1153 1703 generantibus
1169 1623 1229 1684 cir-

69 1744 267 1810 cumquaque
275 1729 398 1808 vicinia,
414 1726 539 1791 atilios
555 1746 627 1789 suos
642 1727 752 1810 inopes
764 1724 900 1810 edspem
912 1722 1094 1788 hereditatis
1109 1723 1230 1793 alienae

67 1826 207 1893 libenter
221 1828 379 1893 dantibus.
415 1830 499 1894 Haec
520 1829 587 1894 sola
608 1833 675 1891 eret
692 1831 775 1891 iuter
795 1847 853 1891 nos
872 1832 965 1910 atque
986 1825 1055 1890 illos
1071 1826 1228 1890 distantia

68 1928 108 1997 ln
122 1950 184 2015 quo
199 1937 323 1997 nostros
338 1932 510 2016 arguebant
530 1934 574 1996 Ita
589 1952 651 1996 non
665 1933 699 1994 in
713 1930 781 2013 lege
796 1936 904 1994 nostra
919 1932 1057 1994 exerceri
1077 1931 1230 2013 coniugia,

68 2038 152 2099 utet
166 2037 220 2118 qui
234 2034 358 2098 nubunt
371 2041 520 2120 tanquam
535 2056 597 2099 non
612 2034 767 2098 nubentes
783 2035 855 2097 sint.

134 2136 364 2221 octogesimam
380 2144 411 2201 et
427 2144 568 2223 octavam
583 2137 738 2201 haeresim
756 2139 790 2200 in
805 2135 930 2217 Pelagio
950 2156 985 2200 se
1005 2135 1164 2200 invenisse
1179 2156 1230 2201 se·
1252 2160 1302 2212 cap.
1315 2159 1444 2202 amma.

70 2238 127 2305 dee
141 2240 315 2326 apostolica
329 2241 387 2306 sub
402 2262 485 2326 papa
500 2245 608 2305 sancto
624 2240 806 2304 Innocentio
828 2239 949 2320 docuit,
970 2238 1043 2303 dum
1059 2238 1230 2303 Caelestius

68 2342 189 2427 Pelagii
209 2342 380 2428 discipulus
399 2342 482 2429 apud
502 2342 721 2425 Carthaginem
743 2342 869 2408 doceret
886 2362 979 2428 posse
999 2341 1142 2408 homines
1162 2345 1230 2406 sine

68 2451 201 2531 peccmo
217 2466 302 2529 esse,
316 2452 428 2510 natura
443 2447 504 2510 sibi
519 2446 694 2510 sufficiente
708 2445 776 2511 sole
790 2445 936 2511 humana.
973 2445 1103 2510 Restitit
1117 2445 1146 2510 ei
1161 2445 1230 2530 qui·

69 2546 144 2615 dam
158 2548 308 2613 Paulinus
325 2549 490 2632 diaconus,
511 2550 656 2614 defensor
671 2555 703 2612 ot
717 2555 899 2634 procurator
914 2548 1065 2614 ecclesiae
1080 2548 1229 2614 Mediola-

68 2653 190 2734 nensis,
207 2653 318 2737 cuique
333 2653 367 2717 in
383 2659 538 2717 conventu
553 2651 752 2717 sacerdotum
765 2652 864 2717 multa
880 2651 1017 2737 capitula
1028 2652 1143 2717 obiecit
1154 2672 1230 2716 con·

69 2754 235 2859 tratfidem
255 2754 456 2837 cathoIIcam,
476 2776 555 2838 quae
577 2755 748 2820 Caelestius
769 2754 917 2820 damnare
938 2755 1090 2838 neglexit,
1111 2755 1231 2838 dicens,

62 2854 140 2923 -Nou
154 2857 197 2922 ed
210 2879 260 2923 me
275 2859 411 2944 pertinet
426 2857 464 2922 de
479 2859 528 2922 his
544 2879 623 2942 quae
638 2859 763 2941 obiecit,
778 2858 833 2922 ubi
854 2879 959 2922 meum
980 2879 1095 2923 nornen
1115 2864 1179 2941 est,
1199 2864 1232 2922 et

69 2959 190 3025 crimen
204 2960 349 3025 alienum.
387 2961 476 3025 Tunc
496 2960 542 3025 illi
561 2961 741 3026 obtulerunt
762 2962 792 3025 ei
810 2961 906 3027 libros
922 2982 1010 3044 suos,
1025 2961 1080 3026 ubi
1096 2961 1231 3045 dicebat,

68 3064 172 3149 ipsam
190 3063 251 3128 sibi
270 3064 407 3129 hominis
428 3070 572 3128 naturam
593 3064 633 3130 ad
647 3066 871 3150 perlectionem
886 3085 978 3150 posse
994 3065 1151 3148 sulficere,
1171 3065 1230 3132 hoc

68 3172 128 3250 est,
142 3172 265 3232 tantam
279 3174 384 3252 potest
397 3167 490 3232 homo
506 3176 649 3232 exe‘roero
664 3169 831 3250 iustitiam,
853 3174 889 3232 ut
908 3171 1003 3233 etiam
1018 3167 1085 3232 sine
1100 3176 1230 3255 peccato

67 3270 170 3357 possit
183 3290 252 3335 esse
268 3272 296 3334 01
309 3270 394 3335 00111.
418 3270 520 3336 Adam
535 3272 698 3336 mortalem
711 3273 837 3352 laetum,
852 3274 905 3356 qui
916 3273 982 3336 sive
993 3279 1149 3357 peccaret,
1164 3274 1230 3338 sive

67 3393 132 3438 uon
142 3380 298 3460 peccaret,
314 3380 398 3438 esset
409 3376 586 3439 moriturus.
609 3374 661 3439 Sic
673 3375 724 3439 lex
735 3375 822 3439 misit
833 3374 873 3439 ad
884 3396 1024 3459 regnum,
1040 3377 1121 3441 sicut
1134 3397 1229 3441 cvan-

67 3476 158 3562 gelia.
195 3476 336 3541 Infantes
357 3479 390 3540 in
406 3480 625 3542 remissionem
639 3484 840 3563 peccatorum
855 3478 1058 3564 baptizandos
1075 3500 1143 3543 esso
1158 3478 1228 3544 idco

68 3578 264 3661 eonfitemur,
279 3586 406 3665 propter
425 3580 563 3664 regulam
582 3581 768 3645 universalis
789 3582 948 3646 ecclesiae.
986 3582 1071 3646 Nihil
1092 3582 1229 3647 obfuisse

66 3682 175 3769 generi
189 3681 326 3747 humano
342 3690 506 3768 peccatum
520 3684 616 3748 Adae.
651 3684 764 3749 Omnia
777 3685 853 3749 baec
870 3686 1101 3771 oppositionum
1115 3705 1230 3768 genera

66 3786 109 3853 ad
123 3785 336 3851 damnandum
351 3787 578 3851 obiiciebantur
590 3787 753 3853 Caelestio.
776 3788 837 3853 Sed
848 3788 902 3852 ille
915 3788 1039 3851 dicebat
1049 3787 1148 3851 multa
1159 3809 1229 3852 esse

65 3890 102 3956 iu
114 3886 166 3955 bis
181 3909 261 3973 quae
276 3895 398 3953 teneret
413 3890 490 3955 fides
506 3892 588 3973 eius,
609 3901 641 3954 01
660 3897 786 3977 propter
800 3892 869 3975 ipsa
884 3896 988 3955 cetera
1003 3890 1150 3954 damnare
1165 3912 1228 3956 non

65 4012 170 4081 posse.
207 3992 295 4056 Tunc
318 3993 358 4056 ad
379 3993 561 4059 relationem
582 4014 681 4079 paene
698 3995 837 4058 omnium
851 3993 996 4058 Afrorum
1012 3993 1228 4078 episcoporum

65 4116 150 4183 papa
162 4094 365 4161 Innocentius
382 4096 613 4161 damnationem
629 4104 660 4161 et
674 4097 798 4179 Pelagio
815 4102 846 4160 et
861 4096 1014 4160 Caelestio
1031 4099 1227 4183 conseripsit.

64 4198 118 4266 Illi
131 4205 248 4283 autem,
263 4199 328 4263 eive
344 4205 512 4282 antequam
527 4199 748 4264 damnarentur
762 4199 801 4263 ab
817 4198 985 4263 universali
1001 4199 1143 4277 eeclesia,
1161 4202 1226 4266 sive

65 4308 177 4392 postea
192 4323 286 4388 quarn
301 4302 440 4367 damnati
456 4308 543 4383 sunt,
564 4324 627 4369 non
647 4308 849 4369 cessaverunt
868 4301 1003 4366 scribere
1019 4324 1109 4388 posse
1124 4304 1225 4370 horni-

64 4426 143 4473 uem
157 4409 226 4471 sine
240 4410 368 4492 peccato
384 4425 468 4485 osse,
489 4411 520 4467 et
534 4405 613 4470 nibil
628 4407 764 4472 obfuisse
778 4405 880 4470 Adam
895 4409 1001 4487 generi
1022 4406 1175 4491 humano,
1195 4415 1227 4474 ot

66 4508 170 4594 legem
184 4509 229 4573 sic
244 4512 369 4574 misIsse
384 4507 424 4573 ad
440 4527 569 4589 regnum
585 4510 665 4573 sicut
679 4508 854 4591 evangelia,
875 4513 907 4571 et
926 4509 1062 4575 inientes
1077 4532 1141 4577 non
1155 4511 1225 4578 ideo

66 4610 289 4699 baptizandos,
309 4614 381 4696 quia
400 4610 513 4676 habere
533 4614 656 4696 possint
675 4610 822 4694 orig'malc
837 4619 1016 4699 peccatum,
1036 4619 1068 4678 et
1081 4621 1226 4681 naturam

67 4720 135 4781 tam
148 4714 229 4782 bene
243 4715 358 4781 factam
372 4736 392 4779 a
406 4713 475 4797 deo,
489 4719 525 4778 ut
538 4713 600 4779 0111
614 4713 681 4780 0010
694 4713 830 4780 sufficiat
844 4715 884 4782 ad
894 4715 954 4782 hoc
964 4722 1000 4783 ut
1009 4719 1110 4804 possit
1120 4738 1224 4786 carere
