<?xml version="1.0" encoding="UTF-8"?>
<!DOCTYPE html PUBLIC "-//W3C//DTD XHTML 1.0 Transitional//EN"
    "http://www.w3.org/TR/xhtml1/DTD/xhtml1-transitional.dtd">
<html xmlns="http://www.w3.org/1999/xhtml" xml:lang="en" lang="en">
 <head>
  <title>
</title>
<meta http-equiv="Content-Type" content="text/html;charset=utf-8" />
  <meta name='ocr-system' content='tesseract 3.04.00' />
  <meta name='ocr-capabilities' content='ocr_page ocr_carea ocr_par ocr_line ocrx_word'/>
</head>
<body>
  <div class='ocr_page' id='page_1' title='image "./corporishaerese02unkngoog_0235.png"; bbox 0 0 3046 5124; ppageno 0'>
   <div class='ocr_carea' id='block_1_1' title="bbox 240 356 898 430">
    <p class='ocr_par' dir='ltr' id='par_1_1' title="bbox 240 356 898 430">
     <span class='ocr_line' id='line_1_1' title="bbox 240 356 898 430; baseline 0.009 -35"><span class='ocrx_word' id='word_1_1' title='bbox 240 365 302 430; x_wconf 72' lang='lat'><strong>216</strong></span> <span class='ocrx_word' id='word_1_2' title='bbox 746 356 898 401; x_wconf 71' lang='lat' dir='ltr'><strong>AUGUD&#39;HM</strong></span> 
     </span>
    </p>
   </div>
   <div class='ocr_carea' id='block_1_2' title="bbox 61 513 1408 3996">
    <p class='ocr_par' dir='ltr' id='par_1_2' title="bbox 61 513 1408 3996">
     <span class='ocr_line' id='line_1_2' title="bbox 61 513 1401 601; baseline 0.006 -28"><span class='ocrx_word' id='word_1_3' title='bbox 61 534 112 586; x_wconf 66' lang='lat' dir='ltr'><strong>cap.</strong></span> <span class='ocrx_word' id='word_1_4' title='bbox 125 534 222 578; x_wconf 77' lang='lat' dir='ltr'><strong>nxvru.</strong></span> <span class='ocrx_word' id='word_1_5' title='bbox 304 517 360 583; x_wconf 87' lang='lat' dir='ltr'><strong>Est</strong></span> <span class='ocrx_word' id='word_1_6' title='bbox 374 517 436 581; x_wconf 90' lang='lat' dir='ltr'><strong>alia</strong></span> <span class='ocrx_word' id='word_1_7' title='bbox 448 518 588 583; x_wconf 88' lang='lat' dir='ltr'><strong>haeresis</strong></span> <span class='ocrx_word' id='word_1_8' title='bbox 602 516 695 581; x_wconf 88' lang='lat' dir='ltr'><strong>nudis</strong></span> <span class='ocrx_word' id='word_1_9' title='bbox 710 515 844 601; x_wconf 90' lang='lat' dir='ltr'><strong>pedibus</strong></span> <span class='ocrx_word' id='word_1_10' title='bbox 859 536 984 601; x_wconf 88' lang='lat' dir='ltr'><strong>semper</strong></span> <span class='ocrx_word' id='word_1_11' title='bbox 999 513 1244 596; x_wconf 79' lang='lat' dir='ltr'>ambulantium,</span> <span class='ocrx_word' id='word_1_12' title='bbox 1263 533 1303 580; x_wconf 89' lang='lat' dir='ltr'><strong>eo</strong></span> <span class='ocrx_word' id='word_1_13' title='bbox 1322 513 1401 596; x_wconf 92' lang='lat' dir='ltr'><strong>quod</strong></span> 
     </span>
     <span class='ocr_line' id='line_1_3' title="bbox 243 615 1402 703; baseline -0.006 -17"><span class='ocrx_word' id='word_1_14' title='bbox 243 622 386 686; x_wconf 90' lang='lat' dir='ltr'><strong>dominus</strong></span> <span class='ocrx_word' id='word_1_15' title='bbox 403 620 516 684; x_wconf 81' lang='lat' dir='ltr'><strong>dixerit</strong></span> <span class='ocrx_word' id='word_1_16' title='bbox 530 619 570 683; x_wconf 91' lang='lat' dir='ltr'><strong>ad</strong></span> <span class='ocrx_word' id='word_1_17' title='bbox 584 619 713 703; x_wconf 86' lang='lat' dir='ltr'>Moysen</span> <span class='ocrx_word' id='word_1_18' title='bbox 727 619 779 684; x_wconf 88' lang='lat' dir='ltr'><strong>vel</strong></span> <span class='ocrx_word' id='word_1_19' title='bbox 794 619 834 682; x_wconf 91' lang='lat' dir='ltr'><strong>ad</strong></span> <span class='ocrx_word' id='word_1_20' title='bbox 849 618 973 700; x_wconf 89' lang='lat' dir='ltr'><strong>¹losue,</strong></span> <span class='ocrx_word' id='word_1_21' title='bbox 993 616 1085 682; x_wconf 86' lang='lat' dir='ltr'><strong>Solve</strong></span> <span class='ocrx_word' id='word_1_22' title='bbox 1101 616 1351 682; x_wconf 89' lang='lat' dir='ltr'><strong>calceamentum</strong></span> <span class='ocrx_word' id='word_1_23' title='bbox 1365 615 1402 681; x_wconf 88' lang='lat' dir='ltr'><strong>da</strong></span> 
     </span>
     <span class='ocr_line' id='line_1_4' title="bbox 242 718 1404 809; baseline -0.003 -23"><span class='ocrx_word' id='word_1_24' title='bbox 242 723 372 809; x_wconf 90' lang='lat' dir='ltr'><strong>pedibus</strong></span> <span class='ocrx_word' id='word_1_25' title='bbox 388 726 459 786; x_wconf 89' lang='lat' dir='ltr'><strong>tuis.</strong></span> <span class='ocrx_word' id='word_1_26' title='bbox 481 722 521 787; x_wconf 87' lang='lat' dir='ltr'><strong>Et</strong></span> <span class='ocrx_word' id='word_1_27' title='bbox 536 722 619 807; x_wconf 92' lang='lat' dir='ltr'><strong>quod</strong></span> <span class='ocrx_word' id='word_1_28' title='bbox 633 720 785 807; x_wconf 90' lang='lat' dir='ltr'><strong>propheta</strong></span> <span class='ocrx_word' id='word_1_29' title='bbox 798 720 922 785; x_wconf 77' lang='lat' dir='ltr'><strong>²Esaras</strong></span> <span class='ocrx_word' id='word_1_30' title='bbox 938 719 1030 809; x_wconf 89' lang='lat' dir='ltr'><strong>nudis</strong></span> <span class='ocrx_word' id='word_1_31' title='bbox 1045 720 1180 805; x_wconf 88' lang='lat' dir='ltr'><strong>pedibus</strong></span> <span class='ocrx_word' id='word_1_32' title='bbox 1194 723 1301 784; x_wconf 88' lang='lat' dir='ltr'><strong>iussus</strong></span> <span class='ocrx_word' id='word_1_33' title='bbox 1308 718 1404 783; x_wconf 77' lang='lat' dir='ltr'><strong>&#39;fuant</strong></span> 
     </span>
     <span class='ocr_line' id='line_1_5' title="bbox 242 820 1403 908; baseline -0.003 -18"><span class='ocrx_word' id='word_1_34' title='bbox 242 826 411 890; x_wconf 88' lang='lat' dir='ltr'><strong>ambulare.</strong></span> <span class='ocrx_word' id='word_1_35' title='bbox 447 825 519 890; x_wconf 89' lang='lat' dir='ltr'><strong>Ideo</strong></span> <span class='ocrx_word' id='word_1_36' title='bbox 536 847 607 908; x_wconf 86' lang='lat' dir='ltr'><strong>orgo</strong></span> <span class='ocrx_word' id='word_1_37' title='bbox 623 826 762 888; x_wconf 89' lang='lat' dir='ltr'><strong>haeresis</strong></span> <span class='ocrx_word' id='word_1_38' title='bbox 779 830 841 906; x_wconf 91' lang='lat' dir='ltr'><strong>est,</strong></span> <span class='ocrx_word' id='word_1_39' title='bbox 861 827 1010 907; x_wconf 90' lang='lat' dir='ltr'><strong>quianon</strong></span> <span class='ocrx_word' id='word_1_40' title='bbox 1026 828 1154 908; x_wconf 87' lang='lat' dir='ltr'><strong>propter</strong></span> <span class='ocrx_word' id='word_1_41' title='bbox 1169 824 1310 907; x_wconf 88' lang='lat' dir='ltr'><strong>corporis</strong></span> <span class='ocrx_word' id='word_1_42' title='bbox 1325 820 1403 887; x_wconf 82' lang='lat' dir='ltr'><strong>alni·</strong></span> 
     </span>
     <span class='ocr_line' id='line_1_6' title="bbox 243 923 1404 1010; baseline -0.004 -18"><span class='ocrx_word' id='word_1_43' title='bbox 243 932 379 993; x_wconf 92' lang='lat' dir='ltr'><strong>ctionem</strong></span> <span class='ocrx_word' id='word_1_44' title='bbox 388 931 432 992; x_wconf 87' lang='lat' dir='ltr'><strong>sic</strong></span> <span class='ocrx_word' id='word_1_45' title='bbox 441 928 612 1009; x_wconf 91' lang='lat' dir='ltr'><strong>ambulant,</strong></span> <span class='ocrx_word' id='word_1_46' title='bbox 629 926 684 991; x_wconf 89' lang='lat' dir='ltr'><strong>sed</strong></span> <span class='ocrx_word' id='word_1_47' title='bbox 693 930 765 1010; x_wconf 90' lang='lat' dir='ltr'><strong>quia</strong></span> <span class='ocrx_word' id='word_1_48' title='bbox 772 929 953 990; x_wconf 90' lang='lat' dir='ltr'><strong>testimonia</strong></span> <span class='ocrx_word' id='word_1_49' title='bbox 962 926 1069 990; x_wconf 86' lang='lat' dir='ltr'><strong>divina</strong></span> <span class='ocrx_word' id='word_1_50' title='bbox 1079 923 1404 1007; x_wconf 82' lang='lat' dir='ltr'><strong>taliter³iutolligunt</strong></span> 
     </span>
     <span class='ocr_line' id='line_1_7' title="bbox 87 1027 1406 1115; baseline -0.006 -16"><span class='ocrx_word' id='word_1_51' title='bbox 87 1047 138 1099; x_wconf 75' lang='lat'>021³·</span> <span class='ocrx_word' id='word_1_52' title='bbox 150 1046 224 1090; x_wconf 74' lang='lat' dir='ltr'><strong>ma</strong></span> <span class='ocrx_word' id='word_1_53' title='bbox 303 1032 471 1096; x_wconf 91' lang='lat' dir='ltr'><strong>Donatiani</strong></span> <span class='ocrx_word' id='word_1_54' title='bbox 492 1031 542 1094; x_wconf 83' lang='lat' dir='ltr'><strong>vel</strong></span> <span class='ocrx_word' id='word_1_55' title='bbox 561 1030 743 1094; x_wconf 79' lang='lat' dir='ltr'>Donatistae</span> <span class='ocrx_word' id='word_1_56' title='bbox 764 1035 838 1093; x_wconf 90' lang='lat' dir='ltr'><strong>sunt</strong></span> <span class='ocrx_word' id='word_1_57' title='bbox 859 1033 910 1112; x_wconf 91' lang='lat' dir='ltr'><strong>qui</strong></span> <span class='ocrx_word' id='word_1_58' title='bbox 928 1032 1064 1115; x_wconf 92' lang='lat' dir='ltr'><strong>primum</strong></span> <span class='ocrx_word' id='word_1_59' title='bbox 1078 1034 1206 1114; x_wconf 88' lang='lat' dir='ltr'><strong>propter</strong></span> <span class='ocrx_word' id='word_1_60' title='bbox 1226 1027 1406 1093; x_wconf 86' lang='lat' dir='ltr'><strong>ordinatum</strong></span> 
     </span>
     <span class='ocr_line' id='line_1_8' title="bbox 242 1111 1405 1215; baseline -0.006 -15"><span class='ocrx_word' id='word_1_61' title='bbox 242 1140 350 1200; x_wconf 90' lang='lat' dir='ltr'><strong>contra</strong></span> <span class='ocrx_word' id='word_1_62' title='bbox 372 1155 460 1198; x_wconf 92' lang='lat' dir='ltr'><strong>suam</strong></span> <span class='ocrx_word' id='word_1_63' title='bbox 487 1111 680 1197; x_wconf 80' lang='lat' dir='ltr'><strong>uoldntatem</strong></span> <span class='ocrx_word' id='word_1_64' title='bbox 711 1132 939 1213; x_wconf 90' lang='lat' dir='ltr'><strong>Caecilianum,</strong></span> <span class='ocrx_word' id='word_1_65' title='bbox 968 1132 1118 1196; x_wconf 88' lang='lat' dir='ltr'><strong>ecclesiae</strong></span> <span class='ocrx_word' id='word_1_66' title='bbox 1148 1131 1405 1215; x_wconf 84' lang='lat' dir='ltr'><strong>Carthaginensis</strong></span> 
     </span>
     <span class='ocr_line' id='line_1_9' title="bbox 243 1234 1405 1324; baseline -0.004 -23"><span class='ocrx_word' id='word_1_67' title='bbox 243 1240 435 1324; x_wconf 88' lang='lat' dir='ltr'><strong>episcopum,</strong></span> <span class='ocrx_word' id='word_1_68' title='bbox 456 1237 592 1301; x_wconf 82' lang='lat' dir='ltr'><strong>schisma</strong></span> <span class='ocrx_word' id='word_1_69' title='bbox 607 1236 765 1314; x_wconf 86' lang='lat' dir='ltr'><strong>fecerunt,</strong></span> <span class='ocrx_word' id='word_1_70' title='bbox 788 1235 969 1299; x_wconf 86' lang='lat' dir='ltr'><strong>obiicientcs</strong></span> <span class='ocrx_word' id='word_1_71' title='bbox 986 1236 1014 1296; x_wconf 92' lang='lat' dir='ltr'><strong>ei</strong></span> <span class='ocrx_word' id='word_1_72' title='bbox 1030 1236 1163 1298; x_wconf 89' lang='lat' dir='ltr'><strong>crimina</strong></span> <span class='ocrx_word' id='word_1_73' title='bbox 1176 1254 1241 1299; x_wconf 89' lang='lat' dir='ltr'><strong>non</strong></span> <span class='ocrx_word' id='word_1_74' title='bbox 1263 1234 1405 1319; x_wconf 83' lang='lat' dir='ltr'><strong>probata,</strong></span> 
     </span>
     <span class='ocr_line' id='line_1_10' title="bbox 241 1337 1405 1422; baseline -0.003 -18"><span class='ocrx_word' id='word_1_75' title='bbox 241 1347 273 1404; x_wconf 91' lang='lat' dir='ltr'><strong>et</strong></span> <span class='ocrx_word' id='word_1_76' title='bbox 287 1343 421 1404; x_wconf 82' lang='lat' dir='ltr'><strong>maxime</strong></span> <span class='ocrx_word' id='word_1_77' title='bbox 443 1338 526 1422; x_wconf 90' lang='lat' dir='ltr'><strong>quod</strong></span> <span class='ocrx_word' id='word_1_78' title='bbox 545 1359 564 1401; x_wconf 93' lang='lat' dir='ltr'><strong>a</strong></span> <span class='ocrx_word' id='word_1_79' title='bbox 583 1337 785 1401; x_wconf 74' lang='lat' dir='ltr'><strong>traditoribus</strong></span> <span class='ocrx_word' id='word_1_80' title='bbox 807 1337 983 1401; x_wconf 88' lang='lat' dir='ltr'><strong>divinarum</strong></span> <span class='ocrx_word' id='word_1_81' title='bbox 1003 1339 1228 1422; x_wconf 87' lang='lat' dir='ltr'><strong>seripturarum</strong></span> <span class='ocrx_word' id='word_1_82' title='bbox 1245 1337 1342 1401; x_wconf 83' lang='lat' dir='ltr'><strong>luerit</strong></span> <span class='ocrx_word' id='word_1_83' title='bbox 1356 1357 1405 1401; x_wconf 90' lang='lat' dir='ltr'><strong>or-</strong></span> 
     </span>
     <span class='ocr_line' id='line_1_11' title="bbox 242 1438 1406 1526; baseline -0.004 -19"><span class='ocrx_word' id='word_1_84' title='bbox 242 1442 376 1507; x_wconf 85' lang='lat' dir='ltr'><strong>dinatus</strong></span> <span class='ocrx_word' id='word_1_85' title='bbox 414 1441 475 1505; x_wconf 84' lang='lat' dir='ltr'><strong>Sed</strong></span> <span class='ocrx_word' id='word_1_86' title='bbox 497 1447 569 1526; x_wconf 88' lang='lat' dir='ltr'><strong>post</strong></span> <span class='ocrx_word' id='word_1_87' title='bbox 589 1462 716 1505; x_wconf 90' lang='lat' dir='ltr'><strong>causam</strong></span> <span class='ocrx_word' id='word_1_88' title='bbox 736 1461 807 1504; x_wconf 90' lang='lat' dir='ltr'><strong>cum</strong></span> <span class='ocrx_word' id='word_1_89' title='bbox 827 1460 862 1504; x_wconf 92' lang='lat' dir='ltr'><strong>eo</strong></span> <span class='ocrx_word' id='word_1_90' title='bbox 883 1439 999 1503; x_wconf 89' lang='lat' dir='ltr'><strong>dictam</strong></span> <span class='ocrx_word' id='word_1_91' title='bbox 1015 1445 1107 1523; x_wconf 90' lang='lat' dir='ltr'><strong>atque</strong></span> <span class='ocrx_word' id='word_1_92' title='bbox 1123 1440 1246 1503; x_wconf 84' lang='lat' dir='ltr'><strong>finitam</strong></span> <span class='ocrx_word' id='word_1_93' title='bbox 1259 1438 1406 1503; x_wconf 84' lang='lat' dir='ltr'><strong>falsitatis</strong></span> 
     </span>
     <span class='ocr_line' id='line_1_12' title="bbox 241 1540 1406 1628; baseline -0.003 -20"><span class='ocrx_word' id='word_1_94' title='bbox 241 1547 287 1609; x_wconf 89' lang='lat' dir='ltr'><strong>rei</strong></span> <span class='ocrx_word' id='word_1_95' title='bbox 303 1543 503 1628; x_wconf 78' lang='lat' dir='ltr'><strong>deprehensi,</strong></span> <span class='ocrx_word' id='word_1_96' title='bbox 517 1545 669 1628; x_wconf 82' lang='lat' dir='ltr'><strong>pertinaci</strong></span> <span class='ocrx_word' id='word_1_97' title='bbox 686 1543 880 1606; x_wconf 87' lang='lat' dir='ltr'><strong>dissensione</strong></span> <span class='ocrx_word' id='word_1_98' title='bbox 896 1544 1033 1624; x_wconf 86' lang='lat' dir='ltr'><strong>firmata,</strong></span> <span class='ocrx_word' id='word_1_99' title='bbox 1048 1545 1082 1606; x_wconf 91' lang='lat' dir='ltr'><strong>in</strong></span> <span class='ocrx_word' id='word_1_100' title='bbox 1096 1541 1252 1606; x_wconf 85' lang='lat' dir='ltr'><strong>haeresim</strong></span> <span class='ocrx_word' id='word_1_101' title='bbox 1268 1540 1406 1606; x_wconf 83' lang='lat' dir='ltr'><strong>schisma</strong></span> 
     </span>
     <span class='ocr_line' id='line_1_13' title="bbox 169 1637 1406 1729; baseline -0.003 -18"><span class='ocrx_word' id='word_1_102' title='bbox 169 1637 186 1657; x_wconf 75' lang='grc'>”</span> <span class='ocrx_word' id='word_1_103' title='bbox 241 1652 415 1728; x_wconf 86' lang='lat' dir='ltr'><strong>verterunt,</strong></span> <span class='ocrx_word' id='word_1_104' title='bbox 430 1652 579 1728; x_wconf 87' lang='lat' dir='ltr'><strong>tanquam</strong></span> <span class='ocrx_word' id='word_1_105' title='bbox 594 1646 727 1710; x_wconf 90' lang='lat' dir='ltr'><strong>ecclesia</strong></span> <span class='ocrx_word' id='word_1_106' title='bbox 743 1644 857 1709; x_wconf 85' lang='lat' dir='ltr'><strong>Christi</strong></span> <span class='ocrx_word' id='word_1_107' title='bbox 872 1650 999 1729; x_wconf 87' lang='lat' dir='ltr'><strong>propter</strong></span> <span class='ocrx_word' id='word_1_108' title='bbox 1014 1647 1144 1710; x_wconf 89' lang='lat' dir='ltr'><strong>crimina</strong></span> <span class='ocrx_word' id='word_1_109' title='bbox 1155 1643 1337 1725; x_wconf 86' lang='lat' dir='ltr'><strong>Caeciliani,</strong></span> <span class='ocrx_word' id='word_1_110' title='bbox 1352 1663 1406 1708; x_wconf 88' lang='lat' dir='ltr'><strong>seu</strong></span> 
     </span>
     <span class='ocr_line' id='line_1_14' title="bbox 242 1746 1407 1832; baseline -0.001 -19"><span class='ocrx_word' id='word_1_111' title='bbox 242 1770 329 1829; x_wconf 87' lang='lat' dir='ltr'><strong>vcra,</strong></span> <span class='ocrx_word' id='word_1_112' title='bbox 349 1769 419 1829; x_wconf 88' lang='lat' dir='ltr'><strong>seu,</strong></span> <span class='ocrx_word' id='word_1_113' title='bbox 440 1748 523 1831; x_wconf 93' lang='lat' dir='ltr'><strong>quod</strong></span> <span class='ocrx_word' id='word_1_114' title='bbox 542 1751 640 1830; x_wconf 84' lang='lat' dir='ltr'><strong>magis</strong></span> <span class='ocrx_word' id='word_1_115' title='bbox 656 1748 811 1811; x_wconf 88' lang='lat' dir='ltr'><strong>iudicibus</strong></span> <span class='ocrx_word' id='word_1_116' title='bbox 827 1749 986 1832; x_wconf 91' lang='lat' dir='ltr'><strong>apparuit,</strong></span> <span class='ocrx_word' id='word_1_117' title='bbox 1001 1746 1096 1829; x_wconf 84' lang='lat' dir='ltr'><strong>falsa,</strong></span> <span class='ocrx_word' id='word_1_118' title='bbox 1116 1746 1154 1812; x_wconf 89' lang='lat' dir='ltr'><strong>dc</strong></span> <span class='ocrx_word' id='word_1_119' title='bbox 1170 1753 1236 1813; x_wconf 86' lang='lat' dir='ltr'><strong>toto</strong></span> <span class='ocrx_word' id='word_1_120' title='bbox 1251 1754 1407 1812; x_wconf 86' lang='lat' dir='ltr'><strong>terrarum</strong></span> 
     </span>
     <span class='ocr_line' id='line_1_15' title="bbox 243 1848 1406 1936; baseline -0.003 -20"><span class='ocrx_word' id='word_1_121' title='bbox 243 1850 315 1916; x_wconf 90' lang='lat' dir='ltr'><strong>orbe</strong></span> <span class='ocrx_word' id='word_1_122' title='bbox 336 1853 478 1936; x_wconf 87' lang='lat' dir='ltr'><strong>perierit,</strong></span> <span class='ocrx_word' id='word_1_123' title='bbox 504 1851 558 1914; x_wconf 91' lang='lat' dir='ltr'><strong>ubi</strong></span> <span class='ocrx_word' id='word_1_124' title='bbox 585 1852 690 1914; x_wconf 88' lang='lat' dir='ltr'><strong>sutura</strong></span> <span class='ocrx_word' id='word_1_125' title='bbox 716 1851 871 1935; x_wconf 87' lang='lat' dir='ltr'><strong>promissa</strong></span> <span class='ocrx_word' id='word_1_126' title='bbox 897 1855 960 1932; x_wconf 88' lang='lat' dir='ltr'><strong>ost,</strong></span> <span class='ocrx_word' id='word_1_127' title='bbox 986 1856 1079 1933; x_wconf 89' lang='lat' dir='ltr'><strong>atque</strong></span> <span class='ocrx_word' id='word_1_128' title='bbox 1104 1851 1137 1914; x_wconf 91' lang='lat' dir='ltr'><strong>in</strong></span> <span class='ocrx_word' id='word_1_129' title='bbox 1163 1849 1271 1914; x_wconf 84' lang='lat' dir='ltr'><strong>Africa</strong></span> <span class='ocrx_word' id='word_1_130' title='bbox 1291 1848 1406 1915; x_wconf 88' lang='lat' dir='ltr'><strong>Donati</strong></span> 
     </span>
     <span class='ocr_line' id='line_1_16' title="bbox 241 1951 1405 2038; baseline 0.003 -22"><span class='ocrx_word' id='word_1_131' title='bbox 241 1960 328 2038; x_wconf 88' lang='lat' dir='ltr'><strong>parte</strong></span> <span class='ocrx_word' id='word_1_132' title='bbox 344 1956 545 2035; x_wconf 78' lang='lat' dir='ltr'><strong>remanserit,</strong></span> <span class='ocrx_word' id='word_1_133' title='bbox 561 1955 593 2017; x_wconf 89' lang='lat' dir='ltr'><strong>in</strong></span> <span class='ocrx_word' id='word_1_134' title='bbox 608 1951 679 2016; x_wconf 90' lang='lat' dir='ltr'><strong>aliis</strong></span> <span class='ocrx_word' id='word_1_135' title='bbox 694 1959 847 2017; x_wconf 90' lang='lat' dir='ltr'><strong>terrarum</strong></span> <span class='ocrx_word' id='word_1_136' title='bbox 862 1955 1000 2038; x_wconf 89' lang='lat' dir='ltr'><strong>partibus</strong></span> <span class='ocrx_word' id='word_1_137' title='bbox 1013 1955 1103 2035; x_wconf 91' lang='lat' dir='ltr'><strong>quasi</strong></span> <span class='ocrx_word' id='word_1_138' title='bbox 1118 1955 1304 2035; x_wconf 78' lang='lat' dir='ltr'><strong>contagione</strong></span> <span class='ocrx_word' id='word_1_139' title='bbox 1320 1973 1405 2018; x_wconf 88' lang='lat' dir='ltr'><strong>com·</strong></span> 
     </span>
     <span class='ocr_line' id='line_1_17' title="bbox 241 2053 1406 2141; baseline -0.003 -20"><span class='ocrx_word' id='word_1_140' title='bbox 241 2058 400 2121; x_wconf 89' lang='lat' dir='ltr'><strong>munionis</strong></span> <span class='ocrx_word' id='word_1_141' title='bbox 421 2059 568 2119; x_wconf 88' lang='lat' dir='ltr'><strong>extincta.</strong></span> <span class='ocrx_word' id='word_1_142' title='bbox 605 2057 731 2121; x_wconf 87' lang='lat' dir='ltr'><strong>Audent</strong></span> <span class='ocrx_word' id='word_1_143' title='bbox 756 2058 851 2119; x_wconf 90' lang='lat' dir='ltr'><strong>ctiam</strong></span> <span class='ocrx_word' id='word_1_144' title='bbox 875 2055 1067 2141; x_wconf 87' lang='lat' dir='ltr'><strong>rebaptizare</strong></span> <span class='ocrx_word' id='word_1_145' title='bbox 1090 2053 1276 2138; x_wconf 90' lang='lat' dir='ltr'><strong>catholicos,</strong></span> <span class='ocrx_word' id='word_1_146' title='bbox 1298 2055 1355 2122; x_wconf 92' lang='lat' dir='ltr'><strong>ubi</strong></span> <span class='ocrx_word' id='word_1_147' title='bbox 1374 2075 1406 2120; x_wconf 86' lang='lat' dir='ltr'><strong>sc</strong></span> 
     </span>
     <span class='ocr_line' id='line_1_18' title="bbox 241 2157 1405 2245; baseline 0 -22"><span class='ocrx_word' id='word_1_148' title='bbox 241 2158 376 2245; x_wconf 88' lang='lat' dir='ltr'><strong>amplius</strong></span> <span class='ocrx_word' id='word_1_149' title='bbox 398 2158 571 2225; x_wconf 83' lang='lat' dir='ltr'><strong>haereticos</strong></span> <span class='ocrx_word' id='word_1_150' title='bbox 593 2179 661 2223; x_wconf 91' lang='lat' dir='ltr'><strong>esse</strong></span> <span class='ocrx_word' id='word_1_151' title='bbox 683 2161 861 2240; x_wconf 89' lang='lat' dir='ltr'><strong>firmarunt,</strong></span> <span class='ocrx_word' id='word_1_152' title='bbox 882 2179 953 2221; x_wconf 90' lang='lat' dir='ltr'><strong>curn</strong></span> <span class='ocrx_word' id='word_1_153' title='bbox 973 2158 1122 2223; x_wconf 86' lang='lat' dir='ltr'><strong>ecclesiae</strong></span> <span class='ocrx_word' id='word_1_154' title='bbox 1143 2157 1316 2224; x_wconf 87' lang='lat' dir='ltr'><strong>catholicae</strong></span> <span class='ocrx_word' id='word_1_155' title='bbox 1334 2161 1405 2224; x_wconf 89' lang='lat' dir='ltr'><strong>uui·</strong></span> 
     </span>
     <span class='ocr_line' id='line_1_19' title="bbox 241 2261 1406 2346; baseline 0.002 -21"><span class='ocrx_word' id='word_1_156' title='bbox 241 2282 349 2326; x_wconf 80' lang='lat' dir='ltr'><strong>uersae</strong></span> <span class='ocrx_word' id='word_1_157' title='bbox 366 2261 517 2346; x_wconf 88' lang='lat' dir='ltr'><strong>placuerit</strong></span> <span class='ocrx_word' id='word_1_158' title='bbox 531 2282 588 2327; x_wconf 89' lang='lat' dir='ltr'><strong>nee</strong></span> <span class='ocrx_word' id='word_1_159' title='bbox 605 2266 636 2325; x_wconf 91' lang='lat' dir='ltr'><strong>in</strong></span> <span class='ocrx_word' id='word_1_160' title='bbox 653 2264 730 2346; x_wconf 91' lang='lat' dir='ltr'><strong>ipsis</strong></span> <span class='ocrx_word' id='word_1_161' title='bbox 746 2263 912 2325; x_wconf 87' lang='lat' dir='ltr'><strong>haereticis</strong></span> <span class='ocrx_word' id='word_1_162' title='bbox 927 2261 1085 2346; x_wconf 89' lang='lat' dir='ltr'><strong>baptisma</strong></span> <span class='ocrx_word' id='word_1_163' title='bbox 1100 2279 1264 2327; x_wconf 87' lang='lat' dir='ltr'><strong>commune</strong></span> <span class='ocrx_word' id='word_1_164' title='bbox 1286 2266 1406 2327; x_wconf 84' lang='lat' dir='ltr'><strong>rescin-</strong></span> 
     </span>
     <span class='ocr_line' id='line_1_20' title="bbox 242 2363 1406 2450; baseline 0 -20"><span class='ocrx_word' id='word_1_165' title='bbox 242 2364 324 2430; x_wconf 87' lang='lat' dir='ltr'><strong>dere.</strong></span> <span class='ocrx_word' id='word_1_166' title='bbox 360 2365 460 2429; x_wconf 89' lang='lat' dir='ltr'><strong>Huius</strong></span> <span class='ocrx_word' id='word_1_167' title='bbox 475 2365 613 2429; x_wconf 89' lang='lat' dir='ltr'><strong>haeresis</strong></span> <span class='ocrx_word' id='word_1_168' title='bbox 628 2368 803 2450; x_wconf 89' lang='lat' dir='ltr'><strong>principem</strong></span> <span class='ocrx_word' id='word_1_169' title='bbox 818 2367 988 2448; x_wconf 89' lang='lat' dir='ltr'><strong>accipimus</strong></span> <span class='ocrx_word' id='word_1_170' title='bbox 1004 2363 1100 2428; x_wconf 87' lang='lat' dir='ltr'><strong>luisse</strong></span> <span class='ocrx_word' id='word_1_171' title='bbox 1111 2363 1283 2446; x_wconf 86' lang='lat' dir='ltr'><strong>Donatum,</strong></span> <span class='ocrx_word' id='word_1_172' title='bbox 1300 2366 1354 2449; x_wconf 93' lang='lat' dir='ltr'><strong>qui</strong></span> <span class='ocrx_word' id='word_1_173' title='bbox 1369 2363 1406 2430; x_wconf 87' lang='lat' dir='ltr'><strong>de</strong></span> 
     </span>
     <span class='ocr_line' id='line_1_21' title="bbox 241 2466 1406 2554; baseline 0 -22"><span class='ocrx_word' id='word_1_174' title='bbox 241 2466 389 2532; x_wconf 89' lang='lat' dir='ltr'><strong>Numidia</strong></span> <span class='ocrx_word' id='word_1_175' title='bbox 403 2469 545 2548; x_wconf 83' lang='lat' dir='ltr'><strong>ueniens,</strong></span> <span class='ocrx_word' id='word_1_176' title='bbox 560 2473 591 2531; x_wconf 92' lang='lat' dir='ltr'><strong>et</strong></span> <span class='ocrx_word' id='word_1_177' title='bbox 607 2473 714 2532; x_wconf 87' lang='lat' dir='ltr'><strong>eontra</strong></span> <span class='ocrx_word' id='word_1_178' title='bbox 730 2466 939 2531; x_wconf 89' lang='lat' dir='ltr'><strong>Caecilianum</strong></span> <span class='ocrx_word' id='word_1_179' title='bbox 955 2467 1163 2531; x_wconf 86' lang='lat' dir='ltr'><strong>Christianam</strong></span> <span class='ocrx_word' id='word_1_180' title='bbox 1178 2466 1326 2532; x_wconf 84' lang='lat' dir='ltr'><strong>dividens</strong></span> <span class='ocrx_word' id='word_1_181' title='bbox 1340 2468 1406 2554; x_wconf 90' lang='lat' dir='ltr'><strong>ple·</strong></span> 
     </span>
     <span class='ocr_line' id='line_1_22' title="bbox 242 2569 1406 2658; baseline 0.002 -25"><span class='ocrx_word' id='word_1_182' title='bbox 242 2570 330 2651; x_wconf 91' lang='lat' dir='ltr'><strong>bern,</strong></span> <span class='ocrx_word' id='word_1_183' title='bbox 351 2569 506 2633; x_wconf 91' lang='lat' dir='ltr'><strong>adiunctis</strong></span> <span class='ocrx_word' id='word_1_184' title='bbox 527 2570 586 2633; x_wconf 90' lang='lat' dir='ltr'><strong>sibi</strong></span> <span class='ocrx_word' id='word_1_185' title='bbox 602 2570 742 2633; x_wconf 89' lang='lat' dir='ltr'><strong>eiusdem</strong></span> <span class='ocrx_word' id='word_1_186' title='bbox 762 2569 905 2635; x_wconf 81' lang='lat' dir='ltr'><strong>factionis</strong></span> <span class='ocrx_word' id='word_1_187' title='bbox 926 2571 1099 2654; x_wconf 87' lang='lat' dir='ltr'><strong>episeopis,</strong></span> <span class='ocrx_word' id='word_1_188' title='bbox 1120 2569 1308 2635; x_wconf 90' lang='lat' dir='ltr'><strong>Maiorinum</strong></span> <span class='ocrx_word' id='word_1_189' title='bbox 1326 2571 1406 2658; x_wconf 88' lang='lat' dir='ltr'><strong>apud</strong></span> 
     </span>
     <span class='ocr_line' id='line_1_23' title="bbox 243 2671 1406 2758; baseline 0 -21"><span class='ocrx_word' id='word_1_190' title='bbox 243 2671 462 2754; x_wconf 77' lang='lat' dir='ltr'><strong>Carthaginem</strong></span> <span class='ocrx_word' id='word_1_191' title='bbox 482 2671 638 2736; x_wconf 87' lang='lat' dir='ltr'><strong>ordinavit</strong></span> <span class='ocrx_word' id='word_1_192' title='bbox 658 2674 848 2758; x_wconf 87' lang='lat' dir='ltr'><strong>episcopum.</strong></span> <span class='ocrx_word' id='word_1_193' title='bbox 885 2673 942 2738; x_wconf 90' lang='lat' dir='ltr'><strong>Cui</strong></span> <span class='ocrx_word' id='word_1_194' title='bbox 957 2672 1106 2739; x_wconf 86' lang='lat' dir='ltr'><strong>Maiorino</strong></span> <span class='ocrx_word' id='word_1_195' title='bbox 1121 2672 1264 2738; x_wconf 88' lang='lat' dir='ltr'><strong>Donatus</strong></span> <span class='ocrx_word' id='word_1_196' title='bbox 1279 2672 1361 2739; x_wconf 88' lang='lat' dir='ltr'><strong>alius</strong></span> <span class='ocrx_word' id='word_1_197' title='bbox 1376 2676 1406 2738; x_wconf 93' lang='lat' dir='ltr'><strong>in</strong></span> 
     </span>
     <span class='ocr_line' id='line_1_24' title="bbox 244 2768 1405 2860; baseline 0.001 -20"><span class='ocrx_word' id='word_1_198' title='bbox 244 2774 354 2840; x_wconf 87' lang='lat' dir='ltr'><strong>eadem</strong></span> <span class='ocrx_word' id='word_1_199' title='bbox 369 2775 521 2841; x_wconf 84' lang='lat' dir='ltr'><strong>divisione</strong></span> <span class='ocrx_word' id='word_1_200' title='bbox 538 2768 700 2858; x_wconf 82' lang='lat' dir='ltr'><strong>successit,</strong></span> <span class='ocrx_word' id='word_1_201' title='bbox 722 2779 775 2859; x_wconf 88' lang='lat' dir='ltr'><strong>qui</strong></span> <span class='ocrx_word' id='word_1_202' title='bbox 790 2775 969 2860; x_wconf 87' lang='lat' dir='ltr'><strong>eloquentia</strong></span> <span class='ocrx_word' id='word_1_203' title='bbox 984 2797 1040 2841; x_wconf 91' lang='lat' dir='ltr'><strong>sua</strong></span> <span class='ocrx_word' id='word_1_204' title='bbox 1055 2777 1099 2840; x_wconf 92' lang='lat' dir='ltr'><strong>sic</strong></span> <span class='ocrx_word' id='word_1_205' title='bbox 1114 2777 1313 2841; x_wconf 82' lang='lat' dir='ltr'><strong>confirmavit</strong></span> <span class='ocrx_word' id='word_1_206' title='bbox 1326 2776 1405 2842; x_wconf 89' lang='lat' dir='ltr'><strong>hano</strong></span> 
     </span>
     <span class='ocr_line' id='line_1_25' title="bbox 243 2877 1405 2964; baseline 0.002 -22"><span class='ocrx_word' id='word_1_207' title='bbox 243 2878 408 2960; x_wconf 85' lang='lat' dir='ltr'><strong>haeresim,</strong></span> <span class='ocrx_word' id='word_1_208' title='bbox 428 2885 463 2942; x_wconf 93' lang='lat' dir='ltr'><strong>ut</strong></span> <span class='ocrx_word' id='word_1_209' title='bbox 477 2878 569 2942; x_wconf 90' lang='lat' dir='ltr'><strong>multi</strong></span> <span class='ocrx_word' id='word_1_210' title='bbox 583 2881 764 2943; x_wconf 84' lang='lat' dir='ltr'><strong>existiment</strong></span> <span class='ocrx_word' id='word_1_211' title='bbox 777 2886 904 2964; x_wconf 88' lang='lat' dir='ltr'><strong>propter</strong></span> <span class='ocrx_word' id='word_1_212' title='bbox 918 2882 1022 2964; x_wconf 90' lang='lat' dir='ltr'><strong>ipsum</strong></span> <span class='ocrx_word' id='word_1_213' title='bbox 1037 2881 1140 2962; x_wconf 91' lang='lat' dir='ltr'><strong>potius</strong></span> <span class='ocrx_word' id='word_1_214' title='bbox 1156 2898 1208 2943; x_wconf 91' lang='lat' dir='ltr'><strong>eos</strong></span> <span class='ocrx_word' id='word_1_215' title='bbox 1223 2877 1405 2945; x_wconf 78' lang='lat' dir='ltr'><strong>Donatistae</strong></span> 
     </span>
     <span class='ocr_line' id='line_1_26' title="bbox 242 2980 1405 3075; baseline 0.004 -31"><span class='ocrx_word' id='word_1_216' title='bbox 242 2985 355 3046; x_wconf 89' lang='lat' dir='ltr'><strong>vocari.</strong></span> <span class='ocrx_word' id='word_1_217' title='bbox 378 2981 494 3046; x_wconf 87' lang='lat' dir='ltr'><strong>Extant</strong></span> <span class='ocrx_word' id='word_1_218' title='bbox 509 2984 626 3066; x_wconf 87' lang='lat' dir='ltr'><strong>scripta</strong></span> <span class='ocrx_word' id='word_1_219' title='bbox 640 2985 717 3062; x_wconf 88' lang='lat' dir='ltr'><strong>eius,</strong></span> <span class='ocrx_word' id='word_1_220' title='bbox 733 2982 786 3046; x_wconf 85' lang='lat' dir='ltr'><strong>ubi</strong></span> <span class='ocrx_word' id='word_1_221' title='bbox 801 2988 932 3068; x_wconf 90' lang='lat' dir='ltr'><strong>apparet</strong></span> <span class='ocrx_word' id='word_1_222' title='bbox 946 3003 1018 3045; x_wconf 93' lang='lat' dir='ltr'><strong>eum</strong></span> <span class='ocrx_word' id='word_1_223' title='bbox 1033 2985 1127 3075; x_wconf 82' lang='lat' dir='ltr'><strong>etiam</strong></span> <span class='ocrx_word' id='word_1_224' title='bbox 1142 3000 1204 3046; x_wconf 95' lang='lat' dir='ltr'><strong>non</strong></span> <span class='ocrx_word' id='word_1_225' title='bbox 1220 2980 1405 3066; x_wconf 82' lang='lat' dir='ltr'><strong>catholicam</strong></span> 
     </span>
     <span class='ocr_line' id='line_1_27' title="bbox 244 3083 1406 3168; baseline 0.004 -22"><span class='ocrx_word' id='word_1_226' title='bbox 244 3084 282 3149; x_wconf 92' lang='lat' dir='ltr'><strong>de</strong></span> <span class='ocrx_word' id='word_1_227' title='bbox 297 3087 436 3148; x_wconf 89' lang='lat' dir='ltr'><strong>trinitate</strong></span> <span class='ocrx_word' id='word_1_228' title='bbox 451 3085 597 3148; x_wconf 87' lang='lat' dir='ltr'><strong>habuisse</strong></span> <span class='ocrx_word' id='word_1_229' title='bbox 614 3087 812 3166; x_wconf 90' lang='lat' dir='ltr'><strong>sententiam,</strong></span> <span class='ocrx_word' id='word_1_230' title='bbox 828 3083 884 3148; x_wconf 90' lang='lat' dir='ltr'><strong>scd</strong></span> <span class='ocrx_word' id='word_1_231' title='bbox 896 3087 1036 3168; x_wconf 89' lang='lat' dir='ltr'><strong>quamvis</strong></span> <span class='ocrx_word' id='word_1_232' title='bbox 1049 3084 1189 3150; x_wconf 90' lang='lat' dir='ltr'><strong>eiusdem</strong></span> <span class='ocrx_word' id='word_1_233' title='bbox 1200 3085 1406 3167; x_wconf 84' lang='lat' dir='ltr'><strong>substantiae,</strong></span> 
     </span>
     <span class='ocr_line' id='line_1_28' title="bbox 226 3187 1407 3275; baseline 0.003 -25"><span class='ocrx_word' id='word_1_234' title='bbox 226 3189 396 3250; x_wconf 60' lang='lat' dir='ltr'><strong>‘minorem</strong></span> <span class='ocrx_word' id='word_1_235' title='bbox 409 3192 520 3266; x_wconf 57' lang='lat' dir='ltr'><strong>,tamen</strong></span> <span class='ocrx_word' id='word_1_236' title='bbox 540 3195 628 3271; x_wconf 90' lang='lat' dir='ltr'><strong>patre</strong></span> <span class='ocrx_word' id='word_1_237' title='bbox 654 3187 768 3269; x_wconf 90' lang='lat' dir='ltr'><strong>lilium,</strong></span> <span class='ocrx_word' id='word_1_238' title='bbox 793 3193 826 3252; x_wconf 90' lang='lat' dir='ltr'><strong>ct</strong></span> <span class='ocrx_word' id='word_1_239' title='bbox 850 3190 1005 3252; x_wconf 92' lang='lat' dir='ltr'><strong>minorem</strong></span> <span class='ocrx_word' id='word_1_240' title='bbox 1026 3187 1089 3252; x_wconf 88' lang='lat' dir='ltr'><strong>lilio</strong></span> <span class='ocrx_word' id='word_1_241' title='bbox 1110 3194 1238 3274; x_wconf 86' lang='lat' dir='ltr'><strong>putasse</strong></span> <span class='ocrx_word' id='word_1_242' title='bbox 1261 3192 1407 3275; x_wconf 89' lang='lat' dir='ltr'><strong>spiritum</strong></span> 
     </span>
     <span class='ocr_line' id='line_1_29' title="bbox 244 3289 1407 3373; baseline 0.005 -20"><span class='ocrx_word' id='word_1_243' title='bbox 244 3295 397 3353; x_wconf 91' lang='lat' dir='ltr'><strong>sanctum.</strong></span> <span class='ocrx_word' id='word_1_244' title='bbox 434 3289 550 3352; x_wconf 85' lang='lat' dir='ltr'><strong>Verum</strong></span> <span class='ocrx_word' id='word_1_245' title='bbox 565 3293 597 3352; x_wconf 92' lang='lat' dir='ltr'><strong>in</strong></span> <span class='ocrx_word' id='word_1_246' title='bbox 612 3289 712 3371; x_wconf 88' lang='lat' dir='ltr'><strong>hunc,</strong></span> <span class='ocrx_word' id='word_1_247' title='bbox 728 3311 821 3373; x_wconf 91' lang='lat' dir='ltr'><strong>quem</strong></span> <span class='ocrx_word' id='word_1_248' title='bbox 836 3289 873 3355; x_wconf 91' lang='lat' dir='ltr'><strong>de</strong></span> <span class='ocrx_word' id='word_1_249' title='bbox 888 3293 1029 3354; x_wconf 90' lang='lat' dir='ltr'><strong>trinitate</strong></span> <span class='ocrx_word' id='word_1_250' title='bbox 1043 3290 1169 3372; x_wconf 90' lang='lat' dir='ltr'><strong>habuit,</strong></span> <span class='ocrx_word' id='word_1_251' title='bbox 1187 3294 1256 3355; x_wconf 91' lang='lat' dir='ltr'><strong>eius</strong></span> <span class='ocrx_word' id='word_1_252' title='bbox 1271 3312 1407 3360; x_wconf 78' lang='lat' dir='ltr'><strong>amorem</strong></span> 
     </span>
     <span class='ocr_line' id='line_1_30' title="bbox 242 3392 1406 3481; baseline 0.003 -24"><span class='ocrx_word' id='word_1_253' title='bbox 242 3392 477 3457; x_wconf 88' lang='lat' dir='ltr'><strong>Donatistarum</strong></span> <span class='ocrx_word' id='word_1_254' title='bbox 491 3392 658 3457; x_wconf 90' lang='lat' dir='ltr'><strong>multitudo</strong></span> <span class='ocrx_word' id='word_1_255' title='bbox 674 3396 797 3457; x_wconf 90' lang='lat' dir='ltr'><strong>intenta</strong></span> <span class='ocrx_word' id='word_1_256' title='bbox 813 3415 876 3458; x_wconf 93' lang='lat' dir='ltr'><strong>non</strong></span> <span class='ocrx_word' id='word_1_257' title='bbox 896 3394 971 3476; x_wconf 87' lang='lat' dir='ltr'><strong>fuit,</strong></span> <span class='ocrx_word' id='word_1_258' title='bbox 994 3414 1051 3458; x_wconf 92' lang='lat' dir='ltr'><strong>nec</strong></span> <span class='ocrx_word' id='word_1_259' title='bbox 1073 3394 1164 3459; x_wconf 85' lang='lat' dir='ltr'><strong>facilc</strong></span> <span class='ocrx_word' id='word_1_260' title='bbox 1189 3396 1223 3459; x_wconf 90' lang='lat' dir='ltr'><strong>in</strong></span> <span class='ocrx_word' id='word_1_261' title='bbox 1251 3397 1298 3459; x_wconf 87' lang='lat' dir='ltr'><strong>eis</strong></span> <span class='ocrx_word' id='word_1_262' title='bbox 1321 3399 1406 3481; x_wconf 88' lang='lat' dir='ltr'><strong>quis·</strong></span> 
     </span>
     <span class='ocr_line' id='line_1_31' title="bbox 244 3494 1408 3579; baseline 0.006 -21"><span class='ocrx_word' id='word_1_263' title='bbox 244 3516 355 3579; x_wconf 91' lang='lat' dir='ltr'><strong>quam,</strong></span> <span class='ocrx_word' id='word_1_264' title='bbox 376 3495 429 3577; x_wconf 91' lang='lat' dir='ltr'><strong>qui</strong></span> <span class='ocrx_word' id='word_1_265' title='bbox 444 3495 502 3558; x_wconf 90' lang='lat' dir='ltr'><strong>hoc</strong></span> <span class='ocrx_word' id='word_1_266' title='bbox 518 3494 607 3558; x_wconf 92' lang='lat' dir='ltr'><strong>illurn</strong></span> <span class='ocrx_word' id='word_1_267' title='bbox 622 3499 758 3560; x_wconf 90' lang='lat' dir='ltr'><strong>sensisse</strong></span> <span class='ocrx_word' id='word_1_268' title='bbox 773 3499 910 3578; x_wconf 87' lang='lat' dir='ltr'><strong>noverit,</strong></span> <span class='ocrx_word' id='word_1_269' title='bbox 929 3499 1096 3561; x_wconf 91' lang='lat' dir='ltr'><strong>iuvenitur.</strong></span> <span class='ocrx_word' id='word_1_270' title='bbox 1133 3497 1190 3561; x_wconf 88' lang='lat' dir='ltr'><strong>Isti</strong></span> <span class='ocrx_word' id='word_1_271' title='bbox 1209 3497 1362 3565; x_wconf 84' lang='lat' dir='ltr'><strong>haeretici</strong></span> <span class='ocrx_word' id='word_1_272' title='bbox 1376 3502 1408 3565; x_wconf 92' lang='lat' dir='ltr'><strong>in</strong></span> 
     </span>
     <span class='ocr_line' id='line_1_32' title="bbox 242 3595 1407 3688; baseline 0.004 -26"><span class='ocrx_word' id='word_1_273' title='bbox 242 3598 318 3662; x_wconf 89' lang='lat' dir='ltr'><strong>urhe</strong></span> <span class='ocrx_word' id='word_1_274' title='bbox 334 3599 433 3662; x_wconf 91' lang='lat' dir='ltr'><strong>Roma</strong></span> <span class='ocrx_word' id='word_1_275' title='bbox 446 3595 626 3661; x_wconf 85' lang='lat' dir='ltr'><strong>hlontenses</strong></span> <span class='ocrx_word' id='word_1_276' title='bbox 642 3607 801 3682; x_wconf 89' lang='lat' dir='ltr'><strong>vocantur,</strong></span> <span class='ocrx_word' id='word_1_277' title='bbox 824 3601 936 3684; x_wconf 92' lang='lat' dir='ltr'><strong>quibus</strong></span> <span class='ocrx_word' id='word_1_278' title='bbox 952 3600 1025 3665; x_wconf 91' lang='lat' dir='ltr'><strong>hinc</strong></span> <span class='ocrx_word' id='word_1_279' title='bbox 1045 3620 1084 3663; x_wconf 84' lang='lat' dir='ltr'><strong>ex</strong></span> <span class='ocrx_word' id='word_1_280' title='bbox 1100 3599 1208 3665; x_wconf 82' lang='lat' dir='ltr'><strong>Africa</strong></span> <span class='ocrx_word' id='word_1_281' title='bbox 1222 3601 1328 3667; x_wconf 83' lang='lat' dir='ltr'><strong>solent</strong></span> <span class='ocrx_word' id='word_1_282' title='bbox 1340 3605 1407 3688; x_wconf 86' lang='lat' dir='ltr'><strong>epi·</strong></span> 
     </span>
     <span class='ocr_line' id='line_1_33' title="bbox 243 3701 1408 3789; baseline 0.007 -25"><span class='ocrx_word' id='word_1_283' title='bbox 243 3722 372 3785; x_wconf 90' lang='lat' dir='ltr'><strong>scopum</strong></span> <span class='ocrx_word' id='word_1_284' title='bbox 384 3703 518 3781; x_wconf 90' lang='lat' dir='ltr'><strong>mittere,</strong></span> <span class='ocrx_word' id='word_1_285' title='bbox 534 3707 588 3765; x_wconf 91' lang='lat' dir='ltr'><strong>aut</strong></span> <span class='ocrx_word' id='word_1_286' title='bbox 599 3702 671 3765; x_wconf 92' lang='lat' dir='ltr'><strong>hinc</strong></span> <span class='ocrx_word' id='word_1_287' title='bbox 687 3701 760 3766; x_wconf 92' lang='lat' dir='ltr'><strong>illuc</strong></span> <span class='ocrx_word' id='word_1_288' title='bbox 772 3702 839 3767; x_wconf 81' lang='lat' dir='ltr'><strong>afri</strong></span> <span class='ocrx_word' id='word_1_289' title='bbox 855 3705 993 3789; x_wconf 87' lang='lat' dir='ltr'><strong>episcopi</strong></span> <span class='ocrx_word' id='word_1_290' title='bbox 1009 3724 1116 3768; x_wconf 91' lang='lat' dir='ltr'><strong>eorum</strong></span> <span class='ocrx_word' id='word_1_291' title='bbox 1130 3723 1270 3789; x_wconf 80' lang='lat' dir='ltr'><strong>pergere,</strong></span> <span class='ocrx_word' id='word_1_292' title='bbox 1287 3707 1315 3769; x_wconf 91' lang='lat' dir='ltr'><strong>si</strong></span> <span class='ocrx_word' id='word_1_293' title='bbox 1329 3704 1408 3771; x_wconf 82' lang='lat' dir='ltr'><strong>forta</strong></span> 
     </span>
     <span class='ocr_line' id='line_1_34' title="bbox 242 3803 1408 3889; baseline 0.006 -22"><span class='ocrx_word' id='word_1_294' title='bbox 242 3805 286 3868; x_wconf 91' lang='lat' dir='ltr'><strong>ihi</strong></span> <span class='ocrx_word' id='word_1_295' title='bbox 310 3825 381 3867; x_wconf 91' lang='lat' dir='ltr'><strong>eum</strong></span> <span class='ocrx_word' id='word_1_296' title='bbox 402 3803 544 3868; x_wconf 90' lang='lat' dir='ltr'><strong>ordinare</strong></span> <span class='ocrx_word' id='word_1_297' title='bbox 564 3803 742 3889; x_wconf 84' lang='lat' dir='ltr'><strong>placuisset.</strong></span> <span class='ocrx_word' id='word_1_298' title='bbox 779 3804 830 3870; x_wconf 86' lang='lat' dir='ltr'><strong>Ad</strong></span> <span class='ocrx_word' id='word_1_299' title='bbox 849 3806 929 3870; x_wconf 88' lang='lat' dir='ltr'><strong>hanc</strong></span> <span class='ocrx_word' id='word_1_300' title='bbox 949 3807 1105 3872; x_wconf 87' lang='lat' dir='ltr'><strong>haeresim</strong></span> <span class='ocrx_word' id='word_1_301' title='bbox 1124 3809 1158 3871; x_wconf 93' lang='lat' dir='ltr'><strong>in</strong></span> <span class='ocrx_word' id='word_1_302' title='bbox 1180 3806 1290 3872; x_wconf 82' lang='lat' dir='ltr'><strong>Africa</strong></span> <span class='ocrx_word' id='word_1_303' title='bbox 1311 3807 1408 3874; x_wconf 83' lang='lat' dir='ltr'><strong>atilli</strong></span> 
     </span>
     <span class='ocr_line' id='line_1_35' title="bbox 244 3907 1408 3996; baseline 0.006 -26"><span class='ocrx_word' id='word_1_304' title='bbox 244 3909 401 3991; x_wconf 84' lang='lat' dir='ltr'><strong>pertinent</strong></span> <span class='ocrx_word' id='word_1_305' title='bbox 416 3909 469 3990; x_wconf 92' lang='lat' dir='ltr'><strong>qui</strong></span> <span class='ocrx_word' id='word_1_306' title='bbox 484 3907 681 3992; x_wconf 88' lang='lat' dir='ltr'><strong>appellantur</strong></span> <span class='ocrx_word' id='word_1_307' title='bbox 696 3908 981 3991; x_wconf 87' lang='lat' dir='ltr'><strong>Circumcelliones,</strong></span> <span class='ocrx_word' id='word_1_308' title='bbox 995 3929 1093 3993; x_wconf 83' lang='lat' dir='ltr'><strong>genus</strong></span> <span class='ocrx_word' id='word_1_309' title='bbox 1107 3910 1271 3976; x_wconf 90' lang='lat' dir='ltr'><strong>hominurn</strong></span> <span class='ocrx_word' id='word_1_310' title='bbox 1285 3919 1408 3996; x_wconf 81' lang='lat' dir='ltr'><strong>agreste</strong></span> 
     </span>
    </p>
   </div>
   <div class='ocr_carea' id='block_1_3' title="bbox 243 4010 1409 4306">
    <p class='ocr_par' dir='ltr' id='par_1_3' title="bbox 243 4010 1409 4306">
     <span class='ocr_line' id='line_1_36' title="bbox 244 4010 1408 4101; baseline 0.008 -29"><span class='ocrx_word' id='word_1_311' title='bbox 244 4015 275 4072; x_wconf 89' lang='lat' dir='ltr'><strong>ct</strong></span> <span class='ocrx_word' id='word_1_312' title='bbox 289 4010 517 4074; x_wconf 81' lang='lat' dir='ltr'><strong>famosissimae</strong></span> <span class='ocrx_word' id='word_1_313' title='bbox 532 4011 691 4092; x_wconf 88' lang='lat' dir='ltr'><strong>audaciae,</strong></span> <span class='ocrx_word' id='word_1_314' title='bbox 706 4033 768 4076; x_wconf 94' lang='lat' dir='ltr'><strong>non</strong></span> <span class='ocrx_word' id='word_1_315' title='bbox 781 4011 881 4076; x_wconf 91' lang='lat' dir='ltr'><strong>solum</strong></span> <span class='ocrx_word' id='word_1_316' title='bbox 892 4015 925 4076; x_wconf 94' lang='lat' dir='ltr'><strong>iu</strong></span> <span class='ocrx_word' id='word_1_317' title='bbox 936 4013 1014 4077; x_wconf 89' lang='lat' dir='ltr'><strong>alios</strong></span> <span class='ocrx_word' id='word_1_318' title='bbox 1024 4015 1175 4077; x_wconf 89' lang='lat' dir='ltr'><strong>immania</strong></span> <span class='ocrx_word' id='word_1_319' title='bbox 1185 4015 1326 4080; x_wconf 85' lang='lat' dir='ltr'><strong>facinora</strong></span> <span class='ocrx_word' id='word_1_320' title='bbox 1336 4036 1408 4101; x_wconf 89' lang='lat' dir='ltr'><strong>per·</strong></span> 
     </span>
     <span class='ocr_line' id='line_1_37' title="bbox 243 4111 1409 4205; baseline 0.01 -31"><span class='ocrx_word' id='word_1_321' title='bbox 243 4111 410 4195; x_wconf 82' lang='lat' dir='ltr'><strong>patrando,</strong></span> <span class='ocrx_word' id='word_1_322' title='bbox 432 4113 487 4177; x_wconf 87' lang='lat' dir='ltr'><strong>sod</strong></span> <span class='ocrx_word' id='word_1_323' title='bbox 507 4133 565 4178; x_wconf 94' lang='lat' dir='ltr'><strong>nec</strong></span> <span class='ocrx_word' id='word_1_324' title='bbox 588 4115 650 4178; x_wconf 91' lang='lat' dir='ltr'><strong>sihi</strong></span> <span class='ocrx_word' id='word_1_325' title='bbox 666 4115 776 4178; x_wconf 86' lang='lat' dir='ltr'><strong>eadem</strong></span> <span class='ocrx_word' id='word_1_326' title='bbox 791 4117 901 4179; x_wconf 89' lang='lat' dir='ltr'><strong>insana</strong></span> <span class='ocrx_word' id='word_1_327' title='bbox 915 4115 1037 4180; x_wconf 87' lang='lat' dir='ltr'><strong>feritate</strong></span> <span class='ocrx_word' id='word_1_328' title='bbox 1053 4116 1219 4201; x_wconf 87' lang='lat' dir='ltr'><strong>parcendo.</strong></span> <span class='ocrx_word' id='word_1_329' title='bbox 1255 4117 1340 4185; x_wconf 86' lang='lat' dir='ltr'><strong>Nam</strong></span> <span class='ocrx_word' id='word_1_330' title='bbox 1353 4139 1409 4205; x_wconf 82' lang='lat' dir='ltr'><strong>per</strong></span> 
     </span>
     <span class='ocr_line' id='line_1_38' title="bbox 244 4218 1408 4306; baseline 0.01 -29"><span class='ocrx_word' id='word_1_331' title='bbox 244 4221 359 4278; x_wconf 88' lang='lat' dir='ltr'><strong>mortes</strong></span> <span class='ocrx_word' id='word_1_332' title='bbox 380 4218 497 4297; x_wconf 87' lang='lat' dir='ltr'><strong>varias,</strong></span> <span class='ocrx_word' id='word_1_333' title='bbox 518 4220 715 4303; x_wconf 82' lang='lat' dir='ltr'><strong>maximeque</strong></span> <span class='ocrx_word' id='word_1_334' title='bbox 734 4219 987 4304; x_wconf 88' lang='lat' dir='ltr'><strong>praecipitiorum</strong></span> <span class='ocrx_word' id='word_1_335' title='bbox 1007 4225 1039 4284; x_wconf 91' lang='lat' dir='ltr'><strong>et</strong></span> <span class='ocrx_word' id='word_1_336' title='bbox 1060 4239 1211 4304; x_wconf 89' lang='lat' dir='ltr'><strong>aquarum</strong></span> <span class='ocrx_word' id='word_1_337' title='bbox 1228 4225 1263 4286; x_wconf 82' lang='lat' dir='ltr'><strong>et</strong></span> <span class='ocrx_word' id='word_1_338' title='bbox 1286 4223 1408 4306; x_wconf 81' lang='lat' dir='ltr'><strong>ignium</strong></span> 
     </span>
    </p>
   </div>
   <div class='ocr_carea' id='block_1_4' title="bbox 246 4434 1407 4593">
    <p class='ocr_par' dir='ltr' id='par_1_4' title="bbox 246 4434 1407 4593">
     <span class='ocr_line' id='line_1_39' title="bbox 311 4434 1407 4524; baseline 0.008 -35"><span class='ocrx_word' id='word_1_339' title='bbox 311 4434 547 4517; x_wconf 61' lang='lat' dir='ltr'><strong>uapuxvln-</strong></span> <span class='ocrx_word' id='word_1_340' title='bbox 577 4437 599 4491; x_wconf 93' lang='lat' dir='ltr'><strong>l.</strong></span> <span class='ocrx_word' id='word_1_341' title='bbox 616 4437 700 4493; x_wconf 83' lang='lat' dir='ltr'><strong>Exod.</strong></span> <span class='ocrx_word' id='word_1_342' title='bbox 715 4437 759 4494; x_wconf 92' lang='lat' dir='ltr'><strong>Ill.</strong></span> <span class='ocrx_word' id='word_1_343' title='bbox 777 4438 802 4493; x_wconf 81' lang='lat'><strong>5.</strong></span> <span class='ocrx_word' id='word_1_344' title='bbox 835 4438 887 4524; x_wconf 78' lang='lat' dir='ltr'><strong>Ios.</strong></span> <span class='ocrx_word' id='word_1_345' title='bbox 898 4440 929 4494; x_wconf 85' lang='lat' dir='ltr'><strong>V.</strong></span> <span class='ocrx_word' id='word_1_346' title='bbox 944 4441 983 4494; x_wconf 86' lang='grc'><strong>16.</strong></span> <span class='ocrx_word' id='word_1_347' title='bbox 1011 4441 1091 4524; x_wconf 78' lang='lat' dir='ltr'><strong>Deest</strong></span> <span class='ocrx_word' id='word_1_348' title='bbox 1105 4446 1133 4494; x_wconf 75' lang='lat' dir='ltr'><strong>ia</strong></span> <span class='ocrx_word' id='word_1_349' title='bbox 1143 4440 1219 4496; x_wconf 82' lang='lat' dir='ltr'><strong><em>MSS.</em></strong></span> <span class='ocrx_word' id='word_1_350' title='bbox 1229 4443 1273 4498; x_wconf 75' lang='lat' dir='ltr'><strong>val</strong></span> <span class='ocrx_word' id='word_1_351' title='bbox 1284 4444 1320 4498; x_wconf 74' lang='lat' dir='ltr'><strong>td</strong></span> <span class='ocrx_word' id='word_1_352' title='bbox 1330 4443 1407 4500; x_wconf 80' lang='lat' dir='ltr'><strong>Iosua</strong></span> 
     </span>
     <span class='ocr_line' id='line_1_40' title="bbox 246 4502 1405 4593; baseline 0.01 -38"><span class='ocrx_word' id='word_1_353' title='bbox 246 4502 364 4572; x_wconf 77' lang='lat' dir='ltr'><strong>(Benedl</strong></span> <span class='ocrx_word' id='word_1_354' title='bbox 415 4504 440 4557; x_wconf 75' lang='lat'><strong>2.</strong></span> <span class='ocrx_word' id='word_1_355' title='bbox 448 4505 510 4559; x_wconf 81' lang='lat' dir='ltr'><strong>Esar</strong></span> <span class='ocrx_word' id='word_1_356' title='bbox 520 4506 582 4561; x_wconf 85' lang='lat' dir='ltr'><strong>XX.</strong></span> <span class='ocrx_word' id='word_1_357' title='bbox 595 4507 619 4561; x_wconf 82' lang='lat'><strong>2.</strong></span> <span class='ocrx_word' id='word_1_358' title='bbox 671 4507 696 4562; x_wconf 84' lang='lat'><strong>3.</strong></span> <span class='ocrx_word' id='word_1_359' title='bbox 709 4508 1323 4593; x_wconf 69' lang='lat' dir='ltr'><strong>AmardachaetEraamreds&#39;tionaaatpler-r&#39;qu</strong></span> <span class='ocrx_word' id='word_1_360' title='bbox 1333 4513 1405 4567; x_wconf 76' lang='lat' dir='ltr'><em>MSS.</em></span> 
     </span>
    </p>
   </div>
   <div class='ocr_carea' id='block_1_5' title="bbox 244 4571 1407 4717">
    <p class='ocr_par' dir='ltr' id='par_1_5' title="bbox 244 4571 1407 4717">
     <span class='ocr_line' id='line_1_41' title="bbox 244 4571 1407 4650; baseline 0.014 -28"><span class='ocrx_word' id='word_1_361' title='bbox 244 4576 358 4624; x_wconf 79' lang='lat' dir='ltr'><strong>omittant</strong></span> <span class='ocrx_word' id='word_1_362' title='bbox 367 4571 428 4627; x_wconf 91' lang='lat' dir='ltr'><strong>Idoo</strong></span> <span class='ocrx_word' id='word_1_363' title='bbox 441 4589 504 4643; x_wconf 86' lang='lat' dir='ltr'><strong>ergo</strong></span> <span class='ocrx_word' id='word_1_364' title='bbox 516 4574 631 4629; x_wconf 85' lang='lat' dir='ltr'><strong>haeresis</strong></span> <span class='ocrx_word' id='word_1_365' title='bbox 643 4582 690 4640; x_wconf 86' lang='lat' dir='ltr'><strong>est,</strong></span> <span class='ocrx_word' id='word_1_366' title='bbox 706 4578 832 4646; x_wconf 87' lang='lat' dir='ltr'><strong>quianon</strong></span> <span class='ocrx_word' id='word_1_367' title='bbox 843 4584 947 4648; x_wconf 86' lang='lat' dir='ltr'><strong>propter</strong></span> <span class='ocrx_word' id='word_1_368' title='bbox 959 4578 1074 4650; x_wconf 85' lang='lat' dir='ltr'><strong>corporis</strong></span> <span class='ocrx_word' id='word_1_369' title='bbox 1086 4577 1256 4637; x_wconf 74' lang='lat' dir='ltr'><strong>afflictionem</strong></span> <span class='ocrx_word' id='word_1_370' title='bbox 1266 4596 1307 4635; x_wconf 77' lang='lat' dir='ltr'><strong>sao</strong></span> <span class='ocrx_word' id='word_1_371' title='bbox 1316 4582 1407 4638; x_wconf 77' lang='lat' dir='ltr'><strong>mbu-</strong></span> 
     </span>
     <span class='ocr_line' id='line_1_42' title="bbox 244 4639 1130 4717; baseline 0.011 -26"><span class='ocrx_word' id='word_1_372' title='bbox 244 4640 306 4706; x_wconf 85' lang='lat' dir='ltr'><strong>lant,</strong></span> <span class='ocrx_word' id='word_1_373' title='bbox 318 4639 365 4696; x_wconf 86' lang='lat' dir='ltr'><strong>sad</strong></span> <span class='ocrx_word' id='word_1_374' title='bbox 376 4641 438 4711; x_wconf 87' lang='lat' dir='ltr'><strong>quia</strong></span> <span class='ocrx_word' id='word_1_375' title='bbox 448 4642 596 4698; x_wconf 84' lang='lat' dir='ltr'><strong>testimonia</strong></span> <span class='ocrx_word' id='word_1_376' title='bbox 608 4643 694 4698; x_wconf 81' lang='lat' dir='ltr'><strong>diviua</strong></span> <span class='ocrx_word' id='word_1_377' title='bbox 705 4645 792 4699; x_wconf 84' lang='lat' dir='ltr'><strong>taliter</strong></span> <span class='ocrx_word' id='word_1_378' title='bbox 801 4644 958 4717; x_wconf 78' lang='lat' dir='ltr'><strong>intelligunt.</strong></span> <span class='ocrx_word' id='word_1_379' title='bbox 1010 4645 1130 4717; x_wconf 72' lang='lat' dir='ltr'><strong>(Banedl</strong></span> 
     </span>
    </p>
   </div>
   <div class='ocr_carea' id='block_1_6' title="bbox 0 0 1534 5124">
    <p class='ocr_par' dir='ltr' id='par_1_6' title="bbox 0 0 1534 5124">
     <span class='ocr_line' id='line_1_43' title="bbox 0 0 1534 5124; baseline 0 0"><span class='ocrx_word' id='word_1_380' title='bbox 0 0 1534 5124; x_wconf 95' lang='lat' dir='ltr'><strong> </strong></span> 
     </span>
    </p>
   </div>
  </div>
 </body>
</html>
