3046 5124
546 379 632 422 MBBB
645 380 754 422 nunna
1169 384 1228 450 261

131 534 401 621 Septuagesimam
423 542 455 599 ot
479 538 620 620 quintam
643 520 812 601 haeresem
828 536 1053 619 Hydrotheitae
1079 538 1393 624 lecerunt,0.„n11v,

68 656 184 723 aquam
198 636 293 703 deum
308 637 462 720 dieentes,
482 659 545 703 non
560 637 729 703 habentem
743 659 801 702 nec
815 640 939 702 initium
959 659 1017 703 nec
1033 640 1144 723 linem,
1164 665 1230 707 sor·

68 739 291 822 desinentem,
305 747 435 826 peecata
451 741 672 823 dimittentem,
687 748 719 805 et
732 741 900 806 habentem
916 744 1061 827 spiritum
1076 750 1229 808 sanctum.
1246 820 1249 831 Ι

68 842 153 925 Quos
174 845 256 907 iuste
277 842 404 908 damnat
425 842 502 907 fides
526 843 678 907 catholiea
698 844 785 928 quasi
810 865 917 909 caecos
944 850 976 908 et
995 866 1060 909 non
1085 845 1230 910 videntes

67 965 184 1033 nquam
194 942 308 1030 quibus
323 947 481 1030 spurcitiis
493 949 590 1010 servit
606 953 638 1009 et
651 951 754 1031 potest
769 947 845 1010 deus
861 949 993 1029 servire,
1008 947 1121 1031 quibus
1137 951 1231 1017 etiam

66 1048 282 1135 squaloribus,
297 1055 351 1113 aut
366 1050 453 1113 ouius
468 1051 619 1113 momenti
635 1056 683 1113 est
693 1069 774 1132 aqua
788 1051 857 1112 sine
870 1048 1122 1114 consecratione?
1141 1050 1231 1115 Illam

67 1172 173 1217 sermo
187 1154 278 1216 vivus
292 1151 441 1233 vivificat,
457 1172 558 1216 sermo
574 1157 699 1216 sauctus
712 1152 896 1234 sanctificat,
911 1160 946 1216 ut
960 1157 1086 1216 sanetus
1102 1156 1230 1239 spiritus

66 1256 100 1321 in
114 1275 155 1319 ea
168 1254 314 1338 dignetur
328 1254 479 1335 habitere,
494 1260 549 1318 aut
560 1261 595 1319 ut
604 1256 705 1339 possit
716 1254 915 1319 credentibus
926 1262 1058 1340 peecata
1068 1255 1230 1321 mundare.

65 1356 106 1424 lit
119 1359 179 1439 sio,
194 1358 347 1442 quomodo
362 1358 478 1442 accipit
491 1359 556 1421 vim
568 1357 661 1422 huius
677 1360 721 1420 rei
736 1378 793 1443 per
808 1357 1069 1440 benedictionem,
1082 1364 1118 1422 ut
1131 1363 1231 1443 possit

66 1461 177 1527 omnia
189 1459 339 1523 mundare
354 1466 493 1544 peccata,
505 1480 568 1524 non
578 1466 682 1545 potest
693 1459 843 1524 mundare
854 1466 984 1545 peccata
993 1464 1058 1524 eius
1071 1463 1126 1544 qui
1136 1459 1229 1525 fidem

67 1582 159 1629 snam
172 1582 237 1627 non
258 1582 297 1626 ex
318 1564 437 1645 integro
457 1564 544 1647 prius
565 1562 622 1626 deo
644 1561 812 1627 crediderit
831 1563 1031 1627 offerendam.
1067 1562 1137 1627 Non
1158 1585 1228 1647 ergo

66 1686 124 1752 per
143 1663 247 1729 solum
266 1663 459 1746 abluentem,
480 1665 536 1729 sed
555 1666 653 1747 magis
674 1686 729 1750 per
744 1663 938 1747 credentem,
958 1667 1087 1751 spiritus
1102 1673 1229 1731 sanctus

66 1766 245 1834 infunditur
258 1767 292 1831 in
306 1767 460 1849 homines,
475 1773 508 1831 et
521 1774 719 1852 peccatorum
733 1769 826 1830 venia
841 1766 1044 1832 condonatur.
1106 1832 1109 1837 .

130 1869 401 1954 Septuegesimam
428 1875 459 1932 ct
483 1876 603 1934 sextam
624 1869 778 1935 haeresim
799 1869 940 1934 lecerunt
958 1870 1229 1954 Homunoionitae,
1249 1901 1299 1953 a„
1312 1900 1405 1944 cxxvi

67 1975 122 2058 qni
138 1971 248 2037 dicunt
267 1974 300 2035 in
322 1992 447 2056 corpore
470 1972 604 2036 hominis
627 1992 695 2035 esse
719 1973 887 2054 imaginem
902 1971 967 2054 dei,
988 1994 1051 2036 nen
1065 1976 1098 2037 in
1114 1975 1227 2039 anima.

65 2074 159 2144 Unde
176 2077 354 2157 Gregorius:
385 2074 463 2138 Cum
483 2077 584 2157 imago
606 2073 657 2138 dei
675 2076 709 2138 in
729 2074 822 2138 rebus
843 2076 964 2156 magnis
980 2080 1011 2137 et
1024 2077 1134 2160 primis
1150 2096 1228 2159 quae

66 2183 143 2244 snut
155 2180 190 2242 in
203 2177 329 2242 bomine
342 2177 455 2241 debeat
466 2180 583 2261 quaeri,
600 2179 633 2240 in
645 2179 805 2259 memoria,
816 2179 849 2239 in
859 2175 1030 2258 intellectu,
1042 2179 1075 2240 in
1087 2181 1228 2260 scientia,

67 2286 100 2346 et
117 2282 154 2345 in
172 2279 236 2344 illis
250 2278 327 2345 locis
351 2278 434 2343 unde
455 2279 546 2344 homo
567 2279 607 2343 ad
626 2282 777 2364 pietatem
797 2284 953 2361 movetur,
973 2279 1049 2343 haec
1065 2285 1181 2344 statute
1194 2283 1229 2344 in

67 2385 174 2449 auimo
194 2388 284 2464 sunt,
304 2403 367 2447 non
388 2381 423 2446 in
443 2385 580 2468 corporis
600 2382 792 2446 liniamentis
812 2383 979 2464 instructa,
1003 2388 1034 2445 et
1056 2389 1142 2447 tanto
1157 2383 1228 2468 plus

67 2485 181 2553 similis
196 2484 255 2550 deo
270 2490 328 2568 est,
349 2494 464 2570 quanto
480 2485 550 2570 plus
565 2486 642 2549 haec
657 2505 735 2569 quae
750 2487 990 2550 memoravimus
1005 2488 1113 2570 purius
1134 2492 1227 2572 potu-

68 2591 128 2655 erit
142 2588 294 2655 obtinere.

130 2691 400 2777 septuagesimam
419 2697 451 2755 et
470 2693 636 2776 septimam
654 2691 809 2755 haeresim
823 2689 994 2755 Ametritee
1015 2692 1229 2775 instituerunt,
1245 2719 1295 2772 esp.
1308 2721 1412 2764 cxxvu.

68 2793 211 2861 dicentes
226 2793 469 2858 innumerabiles
486 2815 554 2859 esse
569 2793 712 2858 mundos.
740 2794 806 2858 Hoc
824 2814 876 2858 eos
892 2793 994 2857 dicere
1010 2814 1125 2859 novum
1138 2800 1228 2880 putat

68 2898 123 2982 qni
137 2918 201 2961 nen
216 2895 291 2979 legit
304 2896 515 2982 philosophos.
537 2897 603 2960 Hoc
620 2898 703 2960 enim
718 2896 793 2961 olim
807 2896 958 2979 aliquanti
972 2895 1227 2983 philosophorum

67 2999 174 3065 dixere
189 2999 330 3082 gentiles.
367 2999 431 3063 Nos
447 3004 551 3062 autem
565 3000 705 3082 hloysem
719 3022 738 3062 a
753 2998 810 3064 deo
825 3001 956 3062 missum
971 3001 1173 3085 suscipimus,
1196 3007 1227 3066 et

67 3101 107 3171 de
121 3102 239 3168 mundo
254 3101 330 3186 qnid
344 3103 514 3167 sentiamus
531 3102 651 3185 etquid
667 3101 828 3167 credamus
843 3101 882 3165 ab
897 3103 965 3187 ipso
982 3101 1157 3168 didicimus.

129 3205 399 3293 Septuagcsimam
422 3208 454 3268 et
469 3210 610 3269 octevam
625 3203 778 3269 haeresim
797 3205 1112 3290 Psyohopneumonos
1132 3229 1225 3272 occu·
1245 3234 1295 3286 cup.
1307 3235 1423 3278 nxxrur.

65 3314 193 3399 parunt,
207 3307 347 3373 dicentes
356 3307 645 3372 animashominum
656 3307 752 3374 bonas
766 3310 801 3372 in
815 3311 943 3394 spiritus
954 3310 1134 3392 augelorum
1149 3332 1223 3376 con·

64 3415 158 3495 verti,
173 3413 294 3477 animas
310 3430 381 3475 vero
397 3411 556 3476 hominum
573 3410 670 3475 malas
685 3413 718 3474 iu
734 3414 861 3497 spiritus
877 3412 1062 3477 daemonum
1077 3415 1199 3477 mutari.

130 3514 396 3600 Septuegesimam
412 3520 443 3576 et
454 3535 568 3578 nouem
579 3513 739 3578 haeresem
752 3514 972 3580 ¹Adeeerditae
984 3521 1102 3598 tenent,
1117 3516 1224 3581 dicen·
1242 3541 1292 3594 cap.
1305 3543 1396 3585 uxum

65 3625 126 3701 tes,
142 3617 265 3682 christo
282 3617 483 3681 descendenti
499 3617 539 3681 ad
554 3618 669 3682 inseres
686 3620 786 3682 omnis
802 3621 975 3684 anhnarum
990 3618 1155 3683 multitudo
1171 3641 1223 3683 oc-

65 3722 175 3802 currit,
190 3724 221 3784 et
236 3719 368 3784 credidit
383 3722 422 3802 ei,
437 3727 469 3783 et
484 3721 613 3786 liberata
627 3726 684 3785 est.

129 3820 345 3906 ¹Oetegesima
364 3822 501 3888 haeresis
521 3824 598 3889 dicit
619 3823 717 3889 hlium
739 3823 788 3889 dei
807 3829 916 3910 posteo
930 3827 1079 3907 genitum,
1098 3830 1223 3910 postea·
1241 3842 1291 3896 cup.
1304 3844 1385 3886 nnxr.

66 3946 164 4013 qnam
176 3926 275 3991 voluit
287 3932 390 4012 pater3
405 3929 432 3989 si
447 3927 599 3992 noluisset
612 3934 712 4014 pater,
726 3948 790 3992 non
804 3929 972 4011 genuisset.
993 3926 1079 4010 Esto,
1094 3927 1222 3992 confite·

65 4050 158 4097 amur
176 4029 339 4114 aequalem
357 4030 455 4094 lilium
474 4033 571 4115 patri:
592 4037 627 4095 ut
645 4030 783 4115 aequalis
806 4033 861 4112 sit,
880 4050 941 4094 non
958 4035 1006 4094 est
1020 4050 1069 4094 res
1084 4035 1222 4115 naturae,

65 4132 125 4201 sed
138 4134 265 4217 gratiae.
288 4133 380 4197 Pater
393 4133 452 4197 boc
467 4132 574 4216 uoluit,
590 4155 625 4198 ac
640 4155 696 4219 per
710 4134 768 4197 hoc
783 4139 882 4197 totum
893 4134 990 4216 patris
1006 4138 1064 4215 est,
1077 4154 1141 4199 non
1155 4134 1221 4199 filii.

119 4249 182 4321 Gap.
193 4249 316 4304 LXXIX.
328 4281 361 4291 -
376 4249 397 4302 l.
409 4248 568 4302 Adicerditae
580 4251 635 4304 MS.
648 4252 690 4302 Au
710 4293 715 4305 .
728 4281 760 4290 -
773 4248 944 4319 Ἀδηκερδίται,
952 4270 1003 4320 pro
1023 4259 1060 4303 ter
1071 4253 1168 4304 luorum
1178 4271 1221 4305 aa·

67 4322 128 4374 aaa
137 4323 166 4371 a'n
176 4323 276 4388 inferno
288 4319 411 4372 Philaetr.
424 4318 505 4372 Haer.
519 4318 640 4370 CXXII:
654 4270 719 4385 ,nbi
730 4323 790 4370 sunt
801 4315 922 4370 haeretici
933 4319 977 4388 qui
1005 4324 1077 4372 rennt
1088 4321 1220 4375 dominum

66 4390 97 4445 in
107 4387 239 4443 infernum
251 4387 421 4451 descendisse,
435 4392 460 4438 et
472 4387 591 4440 omnibns
603 4393 784 4458 postmortem
795 4387 873 4440 etiam
884 4386 979 4440 ibidem
990 4405 1018 4440 se
1029 4389 1175 4454 nuntiasse,
1191 4397 1222 4444 ut

67 4456 222 4513 confitentes
233 4456 329 4510 ibidem
341 4455 524 4509 salvarentnr.”
541 4454 619 4509 Hanc
631 4457 827 4510 obscurationem
839 4465 973 4526 acceptam
983 4460 1116 4527 referimus
1128 4459 1220 4513 Cotele-

66 4530 109 4581 n'o
124 4529 154 4579 in
170 4529 236 4578 notia
251 4527 289 4579 ad
304 4524 428 4577 Hemone
443 4523 524 4578 Simil.
537 4522 593 4589 IX,
609 4527 633 4591 §.
645 4523 723 4579 XVI.
742 4532 797 4578 tem.
810 4524 834 4578 1.
852 4522 906 4577 PP.
917 4526 979 4580 ΔΑ.
991 4544 1021 4597 p.
1036 4526 1091 4580 120.
1103 4529 1142 4580 ed
1154 4527 1225 4583 Olor:

68 4592 303 4734 lodolhbilhffl.
315 4693 349 4702 -
363 4661 385 4714 l.
397 4661 446 4714 Hie
455 4678 540 4714 nomen
551 4665 578 4714 in
589 4660 701 4716 Eleaedo
709 4660 896 4734 Mangones,
908 4662 1102 4720 ioMs.aattcm.
1119 4663 1218 4736 (Sinni
