3046 5124
492 352 532 397 DE
544 352 722 397 muamus
733 351 826 397 umus
1179 356 1239 425 123

79 532 144 579 eoas
155 514 284 579 tunicas
294 516 370 599 post
382 514 681 598 praeuaricationem
691 518 814 578 nostros
826 513 972 597 parentes
982 509 1133 595 ²vestirit,
1144 515 1239 577 aesti-

76 622 161 683 nsut
175 638 313 703 corpora
326 621 401 681 tuno
415 619 565 703 temporis
580 618 708 698 iecisse,
730 636 844 699 eosque
859 619 905 679 sic
920 615 1076 697 induisse,
1096 638 1168 681 oum
1189 638 1238 681 se·

75 722 172 807 ptimo
189 720 241 785 die
256 722 412 805 scriptura
426 719 541 785 dixerit
559 722 718 803 accepisse
739 719 901 783 dominum
919 724 1036 782 terram
1057 718 1095 782 de
1118 719 1192 784 limo
1208 726 1241 783 ot

75 823 249 909 plasmasse
265 823 445 888 eorumdem
461 845 604 909 corpora,
624 828 717 906 atque
738 825 782 885 ita
800 821 941 885 mulieris
958 842 1083 886 earnem
1099 822 1137 886 do
1154 829 1241 887 costa

76 925 163 993 Adae
178 932 290 1013 postea
305 928 484 1011 perfecisse.
506 926 576 991 Non
592 946 663 1008 ergo
678 926 728 989 hic
744 945 873 1010 corpora
887 944 994 987 eorum
1008 924 1173 1009 ³pollicoas
1189 932 1239 989 tu·

74 1030 161 1095 nicae
176 1029 362 1113 nuntiabat),
376 1029 432 1094 sed
448 1030 486 1094 de
502 1032 643 1115 potentia
658 1028 764 1093 divina
779 1016 903 1091 dedisse
920 1030 965 1090 eis
981 1030 1167 1111 sapientiam
1184 1028 1238 1092 de-

75 1130 231 1213 clarabat,
250 1139 286 1197 ut
304 1134 445 1197 lacerent
465 1132 526 1196 sibi
547 1152 710 1216 corporum
725 1131 924 1212 indumenta,
947 1136 982 1193 ut
1003 1133 1155 1214 seriptum
1177 1139 1238 1194 ost:

77 1232 155 1315 Qash
170 1236 259 1299 dedit
271 1234 455 1300 mulionibus
470 1237 656 1320 sapientiam
676 1235 720 1297 od
738 1235 885 1297 tmeredoe
906 1234 1049 1297 tonicae?
1081 1232 1115 1297 Si
1135 1239 1238 1297 autem

76 1340 144 1423 quis
159 1336 297 1402 voluerit
316 1341 457 1423 accipere
478 1338 560 1422 quod
579 1336 725 1401 dominus
744 1337 855 1400 feeerit
868 1339 914 1400 eis
931 1338 1068 1417 tunicas,
1090 1341 1122 1398 ot
1137 1339 1238 1399 omni-

76 1448 187 1527 potens
202 1440 279 1504 lecit
297 1461 336 1504 er
355 1440 453 1505 nihilo
473 1440 556 1523 quod
576 1442 728 1524 scriptum
746 1446 809 1503 est:
843 1440 907 1517 (lai
923 1451 1016 1503 vocat
1034 1461 1071 1502 ec
1089 1439 1187 1502 ao'lnlo
1203 1462 1240 1502 ca

77 1566 157 1631 punc
171 1566 237 1608 non
256 1554 332 1607 eant
345 1554 507 1629 tornqnam
522 1566 603 1629 quone
617 1554 698 1607 ocant.
733 1541 766 1606 Si
788 1562 860 1623 ergo
881 1562 938 1605 sua
957 1544 1112 1626 sapientia
1132 1542 1241 1605 lecerit

76 1646 211 1727 tunicas,
225 1653 261 1710 ut
275 1647 320 1709 ait
335 1646 495 1730 propheta,
511 1648 639 1709 rationis
655 1651 713 1725 est,
729 1647 794 1708 sive
811 1644 887 1707 deus
903 1664 960 1708 sua
974 1647 1086 1708 virtute
1103 1645 1162 1708 hoo
1177 1644 1240 1707 illis

76 1749 278 1835 praestiterit,
286 1768 350 1813 non
358 1751 495 1812 inritum.
511 1748 591 1813 Nam
607 1751 639 1811 in
651 1748 768 1832 templo
780 1747 927 1811 mulieres
939 1754 972 1810 et
983 1749 1119 1829 virgines
1129 1768 1237 1832 opera-

76 1850 191 1917 bantur
205 1871 375 1937 purpuram
390 1857 422 1914 et
437 1852 566 1935 byssum
580 1858 612 1914 ot
626 1851 725 1915 linum
741 1856 773 1914 et
786 1850 849 1913 alia
863 1849 1010 1914 utensilia
1030 1850 1070 1914 ad
1088 1850 1239 1915 honorem

77 1954 185 2041 templi
200 1960 294 2038 atque
308 1953 606 2039 ⁴cooperimentnm,
628 1957 742 2039 pariter
758 1955 853 2017 etiam
869 1957 1051 2017 ornamenta
1066 1954 1174 2038 templi
1191 1954 1238 2018 di-

78 2078 166 2125 versa
180 2064 214 2123 et
226 2061 322 2123 varia

134 2161 194 2227 llst
207 2161 347 2226 haeresis
368 2182 446 2245 quae
466 2165 500 2225 in
514 2161 638 2225 Exodo*
659 2182 729 2224 oum
750 2160 837 2224 audit
857 2159 940 2242 quod
956 2161 1071 2242 ¹Moysi
1088 2165 1238 2225 ocurrerit
1255 2168 1306 2251 sm·
1319 2168 1414 2251 Gallu·

77 2264 205 2350 angelus
220 2267 255 2329 in
270 2265 439 2331 diversorio
460 2265 514 2329 ubi
534 2264 761 2350 applicaverat,
782 2284 914 2346 eumque
936 2262 1030 2327 vellet
1051 2266 1236 2346 interficere,
1256 2236 1315 2286 “m
1330 2234 1400 2283 ω’)

76 2388 137 2435 uon
152 2371 222 2433 eius
237 2367 337 2432 filium
352 2371 406 2450 qui
421 2368 560 2432 nondum
576 2369 675 2431 luerat
690 2370 909 2448 circumcisus,
928 2388 991 2431 non
1013 2388 1144 2451 parvum
1165 2368 1237 2431 binc

77 2472 136 2537 eibi
148 2471 291 2537 adsumit
304 2471 497 2536 scandalum.
521 2471 555 2535 Si
570 2473 654 2534 enim
670 2477 701 2534 et
717 2473 844 2553 itaquis
860 2469 928 2533 uult
939 2472 1064 2551 sentire,
1081 2470 1162 2553 quod
1178 2473 1237 2534 mi-

77 2595 131 2641 nas
153 2576 200 2639 eis
222 2573 374 2639 tendebat
396 2576 538 2657 angelus,
560 2572 630 2657 ²qui
654 2576 820 2636 transactis
844 2574 954 2637 diebus
977 2576 1120 2654 statutis,
1143 2574 1235 2639 idest

139 2746 165 2799 2.
182 2745 274 2799 vestiri
294 2745 328 2797 Α.
363 2746 415 2797 Pro
433 2745 571 2798 aestimant
590 2747 688 2797 rnrrllen
711 2745 839 2797 aestimat.
891 2744 915 2795 3.
936 2744 1051 2814 pellicias
1073 2745 1107 2797 Α.
1138 2744 1238 2815 Utique.

75 2812 181 2887 equod
191 2813 367 2884 perimentum
377 2814 413 2867 Α.

139 2884 204 2954 Gap.
217 2881 331 2936 cxvffl.
349 2887 377 2934 s'n
394 2884 449 2935 aba.
468 2887 619 2953 istaes-ephon
638 2894 674 2935 eet
687 2884 819 2936 Hannssrs
836 2897 942 2935 crursu
959 2899 1086 2935 rrnronvu
1104 2899 1130 2936 m
1141 2899 1239 2937 ussus·

75 2970 119 3011 m
131 2968 345 3008 summum.
358 2983 391 2992 -
411 2952 514 3006 1.ΜοΞί
527 2954 636 3017 (A)aln·.
688 2953 711 3006 2.
725 2953 769 3022 qul
782 2970 833 3021 epo.
847 2952 909 3021 quia
920 2952 982 3001 libri
993 2969 1082 3004 omerus.

73 3126 175 3182 scribit:
190 3124 632 3196 „Fedtdeustunieaspellieeaset
681 3126 744 3178 limo
761 3129 786 3175 et
803 3124 948 3193 plasmasse
966 3124 1106 3177 eorundem
1124 3141 1240 3196 corpora,

73 3194 159 3251 induit
174 3193 261 3248 Adam
278 3198 305 3245 st
320 3194 457 3247 mulierem
475 3196 539 3247 eius.
568 3195 631 3247 lllao
682 3193 788 3246 omnino
811 3192 880 3244 idem
908 3198 948 3244 est
971 3194 1040 3262 quod
1063 3194 1241 3248 affirmaverat

73 3280 138 3335 erge
145 3263 253 3317 tunicae
265 3260 297 3314 de
312 3263 423 3331 pellibus
436 3269 509 3315 erant
525 3280 559 3315 ex
576 3265 630 3315 ani·
682 3263 760 3314 etiam
772 3277 829 3330 cap.
842 3261 891 3321 uu,
910 3262 954 3313 ubi
967 3263 1022 3330 agit
1031 3262 1063 3314 de
1074 3263 1189 3329 imagine
1198 3266 1239 3316 dei

72 3334 186 3387 rudibus
198 3336 332 3400 sumptam
344 3331 440 3383 talibus
450 3333 520 3383 enim
530 3339 631 3401 oporte·
682 3332 709 3382 in
722 3346 828 3400 corpore
840 3329 967 3383 humano:
986 3347 1046 3383 narn
1063 3338 1090 3383 et
1104 3328 1141 3384 ibi
1153 3331 1240 3393 habet,

73 3400 204 3457 Minuci
214 3400 400 3481 peecatorem.’'
426 3401 508 3469 lgitur
520 3402 630 3453 obiectio
700 3400 751 3451 uod
772 3399 884 3468 septimo
908 3399 949 3450 dio
973 3400 1035 3452 dicit
1055 3402 1182 3470 scriptura
1208 3402 1240 3454 do

71 3470 141 3543 qued
152 3469 203 3523 deo
214 3468 337 3520 mdoeens
350 3474 418 3520 esset
431 3469 551 3538 pelliceas
563 3471 630 3522 tuni-
682 3417 777 3520 hdam:
797 3468 845 3523 „bt
856 3469 956 3537 accepit
967 3468 1088 3521 dominus
1101 3476 1196 3522 terram
1208 3470 1239 3521 de

71 3556 115 3595 m
135 3536 288 3592 bominibus
311 3552 416 3606 parare,
443 3538 529 3606 potius
547 3541 632 3658 puani
681 3538 757 3600 limo,
774 3544 799 3589 et
815 3537 955 3606 plasmavit
968 3536 1098 3590 borrrinem
1113 3539 1239 3606 quemfe-

71 3607 181 3731 llrlgeni
192 3606 250 3659 eius
261 3606 432 3657 sectatoribus
444 3607 546 3658 tribueu
564 3613 632 3658 aest
682 3607 741 3670 cit,''
753 3624 813 3658 eum
826 3615 914 3657 tamen
927 3612 1014 3676 aperte
1033 3607 1160 3675 scriptura
1171 3607 1240 3657 dicat

71 3678 107 3747 lv.
140 3676 190 3729 ixa
202 3674 265 3727 Son.
277 3673 321 3726 lib.
334 3674 364 3726 V.
377 3674 443 3727 Bibl.
461 3674 574 3727 Sanctae
586 3692 630 3727 an·
682 3674 758 3727 deum
780 3675 820 3726 (lio
841 3676 952 3743 septimo
973 3674 1035 3726 nihil
1057 3691 1173 3731 creasse,
1194 3675 1239 3726 sed

70 3750 153 3801 notat.
164 3742 209 3796 54.
220 3741 288 3809 5543
309 3744 351 3795 eui
367 3749 396 3795 ut
412 3745 530 3796 nonnulli
543 3761 630 3796 ‹icenr-
683 3745 771 3795 omnia
787 3760 865 3813 opera
881 3760 929 3796 sua
946 3743 986 3794 die
998 3749 1075 3795 sexta
1088 3743 1240 3805 absolvisse,

69 3821 166 3877 ml,
177 3811 302 3863 dixerunt
312 3812 435 3880 pelliceas
447 3814 548 3864 tunicas
560 3813 587 3864 iu
600 3830 630 3864 eo
682 3813 793 3882 septima
814 3817 901 3863 auteur
922 3813 954 3862 ab
976 3812 1096 3863 omnibus
1118 3812 1239 3879 operibus

71 3880 207 3937 llenoeeos
217 3880 276 3931 loeo
288 3879 436 3947 significare
445 3881 566 3933 arborum
576 3897 632 3932 cor·
683 3882 820 3949 quievisse,
832 3887 861 3932 nt
873 3881 939 3932 beno
951 3880 1050 3932 notarit
1061 3878 1194 3930 Fabricius
1207 3880 1239 3931 ad

70 3950 224 4005 limam
235 3947 303 3999 sieut
311 3948 463 4001 animalium
473 3951 543 4001 coria
551 3950 632 4019 pelles
683 3967 741 4001 euin
756 3951 854 4012 locum3
873 3966 951 4017 aluam
969 3949 1073 3999 obrem
1091 3947 1240 4016 opinionem

69 4016 202 4082 dicuntur,
212 4017 253 4069 ita
263 4020 290 4066 et
301 4017 423 4069 arborum
432 4019 540 4069 cortices
550 4019 632 4087 pelles
683 4017 813 4070 l‘hilastrii
824 4024 901 4069 vocat
914 4016 1103 4080 incredibilem,
1122 4022 1148 4067 et
1165 4033 1240 4085 repu-

193 4092 244 4137 tur.
274 4083 308 4135 At
325 4083 477 4138 Philostrius
495 4095 583 4138 noster
599 4087 631 4138 ad
683 4093 806 4156 girantem
824 4085 956 4137 communi
973 4084 1128 4145 scotomiae,
1148 4090 1238 4153 utpote

114 4162 205 4211 sctum
223 4152 374 4206 diluendum
391 4156 468 4207 aliam
488 4156 537 4208 init
553 4156 631 4218 mam,
683 4172 749 4236 quae
761 4155 899 4224 opponitur
917 4154 1050 4221 scriptoris
1067 4153 1135 4204 sacri
1151 4170 1238 4206 narra-

70 4224 161 4281 diaens
179 4221 304 4295 pelliceus
321 4223 423 4275 tunicas
441 4224 548 4276 minime
564 4224 631 4276 desi·
681 4224 755 4285 troni,
767 4224 812 4291 qui
824 4222 925 4273 disertis
937 4221 1022 4273 verbis
1032 4222 1190 4275 contrarium
1201 4223 1239 4276 al·

159 4292 306 4365 pmmorum
314 4293 631 4360 parerrtumeorpora,se‹l
681 4292 775 4344 linrrat.
811 4289 954 4353 (dolendi

69 4310 198 4421 muri
212 4358 263 4413 hoe
279 4359 357 4411 modo
375 4361 452 4411 deum
469 4360 500 4411 do
516 4362 631 4429 potentia
716 4359 778 4428 Cap.
789 4357 902 4411 cxviii.
914 4388 946 4395 —
955 4374 979 4410 a.
989 4358 1014 4411 in
1025 4358 1127 4427 Exodo]
1139 4359 1238 4423 lusa,

69 4428 276 4487 divimdedisse
293 4428 331 4480 eis
343 4428 507 4497 sapientiam,
521 4434 551 4479 ut
561 4428 631 4480 lace·
682 4428 897 4496 adquemloeum
926 4428 1070 4481 raetorinte
1102 4433 1238 4480 retescon-

68 4506 129 4555 rent
143 4498 196 4553 sibi
211 4511 350 4617 eorpperum
365 4495 525 4549 indumenta.
557 4496 629 4558 Quod
680 4494 885 4549 fererrdaestlo.
918 4495 1070 4549 rischmuthi
1101 4498 1200 4555 'atriba
1213 4503 1238 4549 et

69 4576 159 4623 nutum
171 4568 211 4621 ait
226 4563 253 4619 n
294 4564 463 4625 Philastrius‚
480 4580 573 4632 nempe
591 4582 631 4617 se·
680 4566 853 4633 l'esperarum
871 4563 1130 4619 Gorincbemensium
1141 4566 1239 4618 Auctor

68 4633 631 4711 pumuoaccepinedonnnumtorramds
682 4651 707 4703 p.
719 4632 744 4685 ὁ.
756 4648 810 4702 seq.
847 4632 904 4697 (1⁴¹.)
