3046 5124
598 1234 1101 1339 AUGUSTINI

659 1454 878 1508 HIPPONENSIS
893 1453 1042 1507 EPISOOPI

830 1575 875 1628 DE

344 1713 640 1788 HAERESIBUS
672 1714 740 1786 ΑΙ)
770 1710 1176 1806 QUODVULTDEUM
1201 1709 1356 1786 LIBER

633 1905 663 1977 P
681 1905 715 1977 R
731 1906 767 1977 A
783 1907 814 1978 E
831 1906 861 1977 F
878 1906 914 1977 A
932 1906 962 1978 Τ
979 1905 1055 1978 10.

773 2110 922 2119 ——

270 2234 396 2378 Quod
412 2298 492 2381 petis
508 2298 690 2380 saepissime
705 2303 797 2380 atquc
812 2297 1055 2378 instantissime,
1071 2299 1178 2360 sancte
1194 2294 1240 2358 fili
1256 2292 1419 2373 Quodvult-

269 2400 355 2481 dcuS,
371 2407 406 2462 ut
421 2400 458 2462 de
474 2398 655 2462 haeresibus
671 2399 787 2482 aliquid
800 2398 936 2463 scribam
948 2397 1077 2480 dignum
1088 2397 1222 2462 lectione
1235 2398 1421 2483 cupientium

269 2503 411 2583 dogmata
426 2502 561 2565 (deuitare
578 2505 732 2566 contraria
752 2500 824 2565 fidei
841 2501 1034 2565 Christianae
1056 2507 1087 2564 et
1102 2500 1272 2565 Christiani
1293 2502 1421 2566 nominis

269 2606 503 2670 obumbratione
527 2604 679 2687 fallentia,
700 2607 781 2668 scias
800 2625 851 2668 me
874 2604 948 2669 olim
969 2603 1060 2688 longe
1083 2610 1155 2667 ante
1183 2624 1279 2687 quam
1307 2611 1421 2690 peteres

268 2709 368 2772 facore
385 2711 545 2790 cogitasse,
561 2713 652 2790 atque
669 2707 764 2770 fuisso
780 2707 950 2789 facturum,
965 2709 1026 2770 nisi
1042 2705 1208 2790 diligenter
1223 2708 1421 2773 considerans

267 2812 356 2894 qualo
373 2818 583 2895 quantumque
599 2809 631 2873 id
647 2817 745 2891 esset,
765 2809 848 2873 ultra
866 2812 947 2873 vires
968 2830 1053 2874 meas
1075 2830 1143 2873 esse
1167 2813 1330 2877 sentirem.
1366 2808 1422 2875 Sed

267 2916 414 2996 quoniam
428 2915 526 2977 fateor
541 2912 661 2976 nullum
676 2913 752 2975 mihi
768 2918 802 2975 ut
817 2919 847 2975 te
862 2914 1015 2976 institisse
1030 2911 1206 2997 poscendo,
1228 2915 1261 2976 in
1276 2915 1349 2999 ipsa
1362 2920 1422 2978 tam

265 3016 397 3080 molesta
412 3018 560 3079 instantia
574 3022 628 3078 tua
642 3018 736 3078 etiam
751 3023 840 3079 tuum
851 3036 965 3079 nomen
977 3015 1108 3096 attendi,
1123 3020 1154 3078 et
1165 3014 1242 3096 dixi,
1256 3016 1424 3100 Aggredior

266 3125 297 3181 ot
318 3120 428 3181 faciam
445 3118 712 3194 Quodvultdeus.
741 3120 807 3182 IIoc
823 3121 906 3181 enim
922 3118 1015 3181 deum
1030 3117 1110 3181 velle
1125 3116 1264 3201 confido,
1279 3122 1308 3184 si
1322 3141 1373 3184 mo
1388 3117 1422 3184 ad

266 3222 356 3284 huius
373 3223 474 3305 operis
490 3224 657 3283 terminum
671 3221 865 3285 misericordi
877 3222 980 3284 fauore
997 3219 1190 3305 perduxerit,
1210 3227 1248 3284 ut
1260 3243 1319 3306 per
1333 3224 1422 3286 mini·

265 3326 394 3388 sterium
410 3323 531 3404 linguae
546 3344 633 3386 meae
649 3330 737 3387 tanta
751 3324 842 3387 huius
857 3326 902 3386 rei
915 3321 1083 3387 difficultas
1094 3330 1149 3387 aut
1160 3322 1346 3390 ostendatur
1356 3330 1421 3389 tan·

265 3426 434 3507 tummodo,
450 3432 503 3489 aut
518 3429 585 3510 ipso
602 3429 697 3490 otiam
712 3426 835 3511 plenius
851 3426 1018 3490 adiuvante
1033 3425 1169 3490 tollatur.
1194 3426 1421 3504 Quorum'duo·

264 3551 332 3593 rum
355 3529 437 3613 quod
460 3532 560 3613 priore
584 3528 650 3592 loco
673 3531 762 3612 posui
776 3531 847 3607 ¹iam
870 3528 922 3592 diu
945 3535 993 3593 est
1014 3535 1050 3592 ut
1069 3531 1172 3594 auimo
1199 3528 1292 3595 volvo
1315 3552 1352 3596 ao
1375 3550 1421 3596 re·

263 3634 353 3697 volvo
369 3639 401 3695 ot
420 3631 554 3715 quadam
573 3631 774 3695 meditatione
796 3638 953 3695 contueor.
991 3631 1079 3709 Quod
1098 3636 1203 3695 autem
1223 3639 1336 3718 postea
1351 3632 1422 3714 dixi,

264 3757 325 3800 non
346 3757 401 3798 me
416 3737 574 3819 accepisse
596 3733 757 3797 confiteor:
780 3740 811 3797 et
830 3740 936 3798 utrum
957 3734 1032 3798 dum
1050 3734 1109 3799 hoo
1129 3754 1203 3818 ago,
1223 3742 1260 3799 ut
1279 3737 1423 3817 officiani,

264 3838 337 3901 dum
352 3845 434 3922 peto,
450 3837 525 3902 dum
540 3857 665 3920 quaero,
681 3837 755 3899 dum
769 3836 870 3920 pulso,
886 3840 946 3900 sim
961 3837 1091 3901 forsitan
1103 3844 1289 3922 accepturus
1300 3841 1422 3923 ignoro;

263 3945 326 4004 scio
342 3962 391 4004 me
407 3948 512 4004 tamon
523 3961 581 4002 nec
593 3941 763 4023 petiturum
774 3960 832 4003 nee
845 3942 1059 4024 quaesiturum
1069 3962 1106 4004 ao
1117 3940 1318 4025 pulsaturum
1325 3962 1422 4027 quan·

262 4050 329 4106 tum
344 4049 392 4106 sat
407 4050 465 4126 ost,
480 4045 541 4106 nisi
557 4048 588 4104 ot
602 4042 684 4107 hunc
700 4044 846 4106 affectum
860 4063 988 4105 munere
1004 4042 1127 4107 divinae
1142 4045 1361 4129 inspirationis
1371 4066 1421 4111 ao·

263 4167 383 4228 cepero.
405 4147 443 4209 In
457 4147 516 4209 hoo
531 4148 625 4227 igitur
641 4166 743 4230 opero,
759 4145 841 4229 quod
854 4151 886 4207 te
902 4145 1104 4209 vehementer
1117 4151 1248 4229 urgente
1259 4149 1294 4211 in
1307 4147 1421 4214 deiro-

263 4247 380 4310 luntote
397 4251 536 4332 suscepi,
552 4251 653 4311 cornis
669 4270 719 4311 mo
735 4254 769 4310 ut
783 4247 815 4310 id
830 4268 977 4331 peragam
992 4255 1134 4312 nontam
1150 4248 1422 4318 crebrescentibus

185 4340 191 4347 ’
261 4350 301 4412 ad
315 4371 365 4412 me
380 4352 441 4412 tuis
457 4351 659 4435 petitionibus
675 4373 744 4415 esse
760 4350 933 4433 cogendum
949 4372 1040 4434 quam
1055 4354 1116 4436 piis
1131 4351 1171 4416 ad
1186 4350 1282 4418 deum
1295 4376 1361 4421 non
1373 4376 1421 4422 so·

262 4452 325 4516 lum
342 4455 414 4532 tuis,
429 4474 538 4518 uerum
553 4459 584 4517 et
600 4454 730 4518 aliorum
746 4456 894 4536 fratrum,
915 4475 991 4537 quos
1012 4454 1071 4520 tibi
1086 4456 1120 4519 in
1133 4454 1217 4520 haue
1231 4478 1300 4522 rem
1315 4458 1421 4524 fideles

261 4558 361 4622 socios
376 4559 513 4640 potueris
524 4559 675 4638 invenire,
690 4554 881 4623 orationibus
893 4557 1115 4625 adiuvandum.
1137 4558 1229 4638 Quod
1239 4566 1277 4625 ιιι
1286 4560 1354 4645 fiat,
1366 4560 1420 4629 ha
