<?xml version="1.0" encoding="UTF-8"?>
<!DOCTYPE html PUBLIC "-//W3C//DTD XHTML 1.0 Transitional//EN"
    "http://www.w3.org/TR/xhtml1/DTD/xhtml1-transitional.dtd">
<html xmlns="http://www.w3.org/1999/xhtml" xml:lang="en" lang="en">
 <head>
  <title>
</title>
<meta http-equiv="Content-Type" content="text/html;charset=utf-8" />
  <meta name='ocr-system' content='tesseract 3.04.00' />
  <meta name='ocr-capabilities' content='ocr_page ocr_carea ocr_par ocr_line ocrx_word'/>
</head>
<body>
  <div class='ocr_page' id='page_1' title='image "./corporishaerese02unkngoog_0378.png"; bbox 0 0 3046 5124; ppageno 0'>
   <div class='ocr_carea' id='block_1_1' title="bbox 1166 342 1228 408">
    <p class='ocr_par' dir='ltr' id='par_1_1' title="bbox 1166 342 1228 408">
     <span class='ocr_line' id='line_1_1' title="bbox 1166 342 1228 408; baseline -0.016 0"><span class='ocrx_word' id='word_1_1' title='bbox 1166 342 1228 408; x_wconf 81' lang='grc'><strong>359</strong></span> 
     </span>
    </p>
   </div>
   <div class='ocr_carea' id='block_1_2' title="bbox 68 489 1229 612">
    <p class='ocr_par' dir='ltr' id='par_1_2' title="bbox 68 489 1229 612">
     <span class='ocr_line' id='line_1_2' title="bbox 68 489 1229 612; baseline 0.003 -70"><span class='ocrx_word' id='word_1_2' title='bbox 68 490 148 612; x_wconf 52' lang='lat' dir='ltr'><strong>pppis.</strong></span> <span class='ocrx_word' id='word_1_3' title='bbox 173 489 275 543; x_wconf 68' lang='lat' dir='ltr'><strong>Nicetes</strong></span> <span class='ocrx_word' id='word_1_4' title='bbox 287 492 314 543; x_wconf 91' lang='lat' dir='ltr'><strong>iu</strong></span> <span class='ocrx_word' id='word_1_5' title='bbox 327 489 446 545; x_wconf 84' lang='lat' dir='ltr'><strong>Nazianz.</strong></span> <span class='ocrx_word' id='word_1_6' title='bbox 465 496 527 545; x_wconf 86' lang='lat' dir='ltr'><strong>tom.</strong></span> <span class='ocrx_word' id='word_1_7' title='bbox 541 491 564 544; x_wconf 78' lang='lat'><strong>2.</strong></span> <span class='ocrx_word' id='word_1_8' title='bbox 582 492 626 544; x_wconf 86' lang='lat' dir='ltr'><strong>iol.</strong></span> <span class='ocrx_word' id='word_1_9' title='bbox 639 492 696 545; x_wconf 73' lang='lat'><strong>927.</strong></span> <span class='ocrx_word' id='word_1_10' title='bbox 721 493 760 544; x_wconf 88' lang='lat' dir='ltr'><strong>Au</strong></span> <span class='ocrx_word' id='word_1_11' title='bbox 799 493 882 544; x_wconf 72' lang='lat' dir='ltr'><strong>sunus</strong></span> <span class='ocrx_word' id='word_1_12' title='bbox 899 492 931 544; x_wconf 89' lang='lat' dir='ltr'><strong>ad</strong></span> <span class='ocrx_word' id='word_1_13' title='bbox 943 491 1107 546; x_wconf 84' lang='lat' dir='ltr'><strong>Pascentiam</strong></span> <span class='ocrx_word' id='word_1_14' title='bbox 1119 493 1229 563; x_wconf 80' lang='lat' dir='ltr'><strong>epistola</strong></span> 
     </span>
    </p>
   </div>
   <div class='ocr_carea' id='block_1_3' title="bbox 62 558 1230 4659">
    <p class='ocr_par' dir='ltr' id='par_1_3' title="bbox 67 558 1230 1175">
     <span class='ocr_line' id='line_1_3' title="bbox 84 558 1228 631; baseline 0.004 -21"><span class='ocrx_word' id='word_1_15' title='bbox 84 588 87 593; x_wconf 93' lang='lat'>·</span> <span class='ocrx_word' id='word_1_16' title='bbox 110 558 208 611; x_wconf 81' lang='lat' dir='ltr'><strong>XXIV.</strong></span> <span class='ocrx_word' id='word_1_17' title='bbox 229 558 390 629; x_wconf 79' lang='lat' dir='ltr'><strong>Epiphanius</strong></span> <span class='ocrx_word' id='word_1_18' title='bbox 407 565 497 611; x_wconf 88' lang='lat' dir='ltr'><strong>contra</strong></span> <span class='ocrx_word' id='word_1_19' title='bbox 514 561 617 612; x_wconf 73' lang='lat' dir='ltr'><strong>Aetium</strong></span> <span class='ocrx_word' id='word_1_20' title='bbox 635 559 734 612; x_wconf 80' lang='lat' dir='ltr'>haeres.</span> <span class='ocrx_word' id='word_1_21' title='bbox 747 560 864 613; x_wconf 63' lang='lat' dir='ltr'><strong>nsunt</strong></span> <span class='ocrx_word' id='word_1_22' title='bbox 887 559 1045 612; x_wconf 76' lang='lat' dir='ltr'><strong>Athanasius</strong></span> <span class='ocrx_word' id='word_1_23' title='bbox 1061 561 1088 614; x_wconf 91' lang='lat' dir='ltr'><strong>in</strong></span> <span class='ocrx_word' id='word_1_24' title='bbox 1105 562 1228 631; x_wconf 83' lang='lat' dir='ltr'><strong>disputat.</strong></span> 
     </span>
     <span class='ocr_line' id='line_1_4' title="bbox 68 627 1227 697; baseline 0.003 -17"><span class='ocrx_word' id='word_1_25' title='bbox 68 633 161 680; x_wconf 88' lang='lat' dir='ltr'><strong>contra</strong></span> <span class='ocrx_word' id='word_1_26' title='bbox 172 629 275 679; x_wconf 87' lang='lat' dir='ltr'><strong>Arrium</strong></span> <span class='ocrx_word' id='word_1_27' title='bbox 287 637 349 681; x_wconf 91' lang='lat' dir='ltr'><strong>tom.</strong></span> <span class='ocrx_word' id='word_1_28' title='bbox 363 627 394 682; x_wconf 83' lang='lat' dir='ltr'><strong>lL</strong></span> <span class='ocrx_word' id='word_1_29' title='bbox 407 627 450 682; x_wconf 83' lang='lat' dir='ltr'><strong>iol.</strong></span> <span class='ocrx_word' id='word_1_30' title='bbox 464 627 521 682; x_wconf 79' lang='lat'><strong>374.</strong></span> <span class='ocrx_word' id='word_1_31' title='bbox 534 629 636 680; x_wconf 81' lang='lat' dir='ltr'><strong>scribit:</strong></span> <span class='ocrx_word' id='word_1_32' title='bbox 650 645 708 680; x_wconf 88' lang='lat' dir='ltr'><strong>curu</strong></span> <span class='ocrx_word' id='word_1_33' title='bbox 721 629 870 681; x_wconf 87' lang='lat' dir='ltr'><strong>Sabelliana</strong></span> <span class='ocrx_word' id='word_1_34' title='bbox 882 627 995 680; x_wconf 87' lang='lat' dir='ltr'><strong>haeresis</strong></span> <span class='ocrx_word' id='word_1_35' title='bbox 1005 630 1121 697; x_wconf 82' lang='lat' dir='ltr'><strong>genitum</strong></span> <span class='ocrx_word' id='word_1_36' title='bbox 1132 647 1165 683; x_wconf 87' lang='lat' dir='ltr'><strong>ex</strong></span> <span class='ocrx_word' id='word_1_37' title='bbox 1177 631 1227 684; x_wconf 82' lang='lat' dir='ltr'><strong>vir·</strong></span> 
     </span>
     <span class='ocr_line' id='line_1_5' title="bbox 68 693 1230 776; baseline 0.003 -29"><span class='ocrx_word' id='word_1_38' title='bbox 68 696 130 765; x_wconf 71' lang='lat' dir='ltr'><strong>gine</strong></span> <span class='ocrx_word' id='word_1_39' title='bbox 142 702 242 764; x_wconf 84' lang='lat' dir='ltr'><strong>patrem</strong></span> <span class='ocrx_word' id='word_1_40' title='bbox 254 696 379 748; x_wconf 80' lang='lat' dir='ltr'><strong>voluisset</strong></span> <span class='ocrx_word' id='word_1_41' title='bbox 391 712 514 759; x_wconf 78' lang='lat' dir='ltr'>asserere,</span> <span class='ocrx_word' id='word_1_42' title='bbox 527 693 655 776; x_wconf 59' lang='grc' dir='ltr'>ἀγέννητον</span> <span class='ocrx_word' id='word_1_43' title='bbox 668 695 834 749; x_wconf 78' lang='lat' dir='ltr'><strong>contrahens</strong></span> <span class='ocrx_word' id='word_1_44' title='bbox 847 696 995 749; x_wconf 89' lang='lat' dir='ltr'><strong>confitendo</strong></span> <span class='ocrx_word' id='word_1_45' title='bbox 1008 697 1116 750; x_wconf 87' lang='lat' dir='ltr'><strong>ecelesia</strong></span> <span class='ocrx_word' id='word_1_46' title='bbox 1124 699 1230 751; x_wconf 81' lang='lat' dir='ltr'><strong>tradidit</strong></span> 
     </span>
     <span class='ocr_line' id='line_1_6' title="bbox 68 763 1226 836; baseline 0.003 -21"><span class='ocrx_word' id='word_1_47' title='bbox 68 768 176 835; x_wconf 61' lang='lat' dir='ltr'><strong>mnam.</strong></span> <span class='ocrx_word' id='word_1_48' title='bbox 195 763 224 816; x_wconf 93' lang='lat' dir='ltr'><strong>ln</strong></span> <span class='ocrx_word' id='word_1_49' title='bbox 236 764 279 815; x_wconf 93' lang='lat' dir='ltr'><strong>lib.</strong></span> <span class='ocrx_word' id='word_1_50' title='bbox 292 765 388 833; x_wconf 79' lang='lat' dir='ltr'><strong>dialog.</strong></span> <span class='ocrx_word' id='word_1_51' title='bbox 405 765 435 816; x_wconf 93' lang='lat' dir='ltr'><strong>de</strong></span> <span class='ocrx_word' id='word_1_52' title='bbox 453 765 479 816; x_wconf 83' lang='lat' dir='ltr'><strong>S.</strong></span> <span class='ocrx_word' id='word_1_53' title='bbox 492 765 605 816; x_wconf 82' lang='lat' dir='ltr'><strong>trinitate</strong></span> <span class='ocrx_word' id='word_1_54' title='bbox 619 764 641 818; x_wconf 75' lang='grc'><strong>2.</strong></span> <span class='ocrx_word' id='word_1_55' title='bbox 660 765 704 816; x_wconf 87' lang='lat' dir='ltr'><strong>iol.</strong></span> <span class='ocrx_word' id='word_1_56' title='bbox 719 765 773 816; x_wconf 78' lang='lat'><strong>160.</strong></span> <span class='ocrx_word' id='word_1_57' title='bbox 790 765 844 818; x_wconf 80' lang='lat'><strong>161.</strong></span> <span class='ocrx_word' id='word_1_58' title='bbox 860 763 914 816; x_wconf 69' lang='lat'><strong>162.</strong></span> <span class='ocrx_word' id='word_1_59' title='bbox 927 772 952 816; x_wconf 89' lang='lat' dir='ltr'><strong>et</strong></span> <span class='ocrx_word' id='word_1_60' title='bbox 967 765 1021 817; x_wconf 82' lang='grc'><strong>164.</strong></span> <span class='ocrx_word' id='word_1_61' title='bbox 1039 781 1098 817; x_wconf 91' lang='lat' dir='ltr'><strong>cum</strong></span> <span class='ocrx_word' id='word_1_62' title='bbox 1116 765 1226 836; x_wconf 88' lang='lat' dir='ltr'><strong>Epipha-</strong></span> 
     </span>
     <span class='ocr_line' id='line_1_7' title="bbox 68 831 1227 887; baseline 0.002 -3"><span class='ocrx_word' id='word_1_63' title='bbox 68 831 113 884; x_wconf 85' lang='lat' dir='ltr'><strong>nia</strong></span> <span class='ocrx_word' id='word_1_64' title='bbox 125 838 216 884; x_wconf 88' lang='lat' dir='ltr'><strong>contra</strong></span> <span class='ocrx_word' id='word_1_65' title='bbox 228 831 415 885; x_wconf 83' lang='lat' dir='ltr'><strong>Semiarriauos</strong></span> <span class='ocrx_word' id='word_1_66' title='bbox 429 831 527 887; x_wconf 87' lang='lat' dir='ltr'><strong>haeres.</strong></span> <span class='ocrx_word' id='word_1_67' title='bbox 540 832 657 885; x_wconf 84' lang='lat' dir='ltr'><strong>LXXlll.</strong></span> <span class='ocrx_word' id='word_1_68' title='bbox 671 839 697 884; x_wconf 91' lang='lat' dir='ltr'><strong>et</strong></span> <span class='ocrx_word' id='word_1_69' title='bbox 707 834 826 886; x_wconf 90' lang='lat' dir='ltr'><strong>Ambros.</strong></span> <span class='ocrx_word' id='word_1_70' title='bbox 844 833 874 884; x_wconf 91' lang='lat' dir='ltr'><strong>de</strong></span> <span class='ocrx_word' id='word_1_71' title='bbox 886 833 1011 886; x_wconf 77' lang='lat' dir='ltr'><strong>incarnat.</strong></span> <span class='ocrx_word' id='word_1_72' title='bbox 1024 833 1174 885; x_wconf 87' lang='lat' dir='ltr'><strong>Dominicae</strong></span> <span class='ocrx_word' id='word_1_73' title='bbox 1187 851 1227 886; x_wconf 85' lang='lat' dir='ltr'><strong>sa·</strong></span> 
     </span>
     <span class='ocr_line' id='line_1_8' title="bbox 68 898 1227 970; baseline 0.003 -18"><span class='ocrx_word' id='word_1_74' title='bbox 68 915 149 955; x_wconf 75' lang='lat' dir='ltr'><strong>enm.</strong></span> <span class='ocrx_word' id='word_1_75' title='bbox 162 917 191 952; x_wconf 90' lang='lat' dir='ltr'><strong>ca</strong></span> <span class='ocrx_word' id='word_1_76' title='bbox 213 899 297 953; x_wconf 81' lang='lat' dir='ltr'><strong>,VIIL</strong></span> <span class='ocrx_word' id='word_1_77' title='bbox 310 907 336 952; x_wconf 92' lang='lat' dir='ltr'><strong>et</strong></span> <span class='ocrx_word' id='word_1_78' title='bbox 349 901 392 953; x_wconf 82' lang='lat' dir='ltr'><strong>lX.</strong></span> <span class='ocrx_word' id='word_1_79' title='bbox 407 902 513 952; x_wconf 84' lang='lat' dir='ltr'><strong>verbum</strong></span> <span class='ocrx_word' id='word_1_80' title='bbox 527 898 655 970; x_wconf 74' lang='grc' dir='ltr'>ἀγέννητον</span> <span class='ocrx_word' id='word_1_81' title='bbox 674 905 718 967; x_wconf 80' lang='lat' dir='ltr'><strong>lex</strong></span> <span class='ocrx_word' id='word_1_82' title='bbox 737 918 788 969; x_wconf 91' lang='lat' dir='ltr'><strong>quo</strong></span> <span class='ocrx_word' id='word_1_83' title='bbox 802 902 892 953; x_wconf 80' lang='lat' dir='ltr'><strong>Aietius</strong></span> <span class='ocrx_word' id='word_1_84' title='bbox 904 907 931 952; x_wconf 88' lang='lat' dir='ltr'><strong>et</strong></span> <span class='ocrx_word' id='word_1_85' title='bbox 941 902 1030 953; x_wconf 91' lang='lat' dir='ltr'><strong>Arrius</strong></span> <span class='ocrx_word' id='word_1_86' title='bbox 1044 901 1151 970; x_wconf 88' lang='lat' dir='ltr'><strong>probare</strong></span> <span class='ocrx_word' id='word_1_87' title='bbox 1162 903 1227 956; x_wconf 90' lang='lat' dir='ltr'><strong>uite·</strong></span> 
     </span>
     <span class='ocr_line' id='line_1_9' title="bbox 68 916 1228 1038; baseline 0 -16"><span class='ocrx_word' id='word_1_88' title='bbox 68 969 172 1031; x_wconf 81' lang='lat' dir='ltr'><strong>bantur,</strong></span> <span class='ocrx_word' id='word_1_89' title='bbox 185 916 291 1020; x_wconf 64' lang='lat' dir='ltr'><strong>alterius</strong></span> <span class='ocrx_word' id='word_1_90' title='bbox 305 969 466 1021; x_wconf 86' lang='lat' dir='ltr'><strong>substantiae</strong></span> <span class='ocrx_word' id='word_1_91' title='bbox 479 986 537 1021; x_wconf 89' lang='lat' dir='ltr'><strong>esse</strong></span> <span class='ocrx_word' id='word_1_92' title='bbox 549 976 657 1038; x_wconf 88' lang='lat' dir='ltr'><strong>patrem,</strong></span> <span class='ocrx_word' id='word_1_93' title='bbox 671 970 777 1021; x_wconf 86' lang='lat' dir='ltr'><strong>alterius</strong></span> <span class='ocrx_word' id='word_1_94' title='bbox 788 969 879 1033; x_wconf 88' lang='lat' dir='ltr'><strong>filium,</strong></span> <span class='ocrx_word' id='word_1_95' title='bbox 893 970 961 1037; x_wconf 91' lang='lat' dir='ltr'><strong>qnod</strong></span> <span class='ocrx_word' id='word_1_96' title='bbox 973 971 1015 1021; x_wconf 91' lang='lat' dir='ltr'><strong>ilie</strong></span> <span class='ocrx_word' id='word_1_97' title='bbox 1027 970 1173 1038; x_wconf 82' lang='lat' dir='ltr'><strong>ingenitus,</strong></span> <span class='ocrx_word' id='word_1_98' title='bbox 1185 971 1228 1023; x_wconf 90' lang='lat' dir='ltr'><strong>ille</strong></span> 
     </span>
     <span class='ocr_line' id='line_1_10' title="bbox 67 1037 1228 1107; baseline 0 -17"><span class='ocrx_word' id='word_1_99' title='bbox 67 1038 174 1107; x_wconf 76' lang='lat' dir='ltr'><strong>genitus</strong></span> <span class='ocrx_word' id='word_1_100' title='bbox 186 1037 323 1105; x_wconf 72' lang='lat' dir='ltr'><strong>diceretur)</strong></span> <span class='ocrx_word' id='word_1_101' title='bbox 336 1039 412 1106; x_wconf 90' lang='lat' dir='ltr'><strong>plane</strong></span> <span class='ocrx_word' id='word_1_102' title='bbox 425 1039 515 1097; x_wconf 86' lang='lat' dir='ltr'><strong>reiicit,</strong></span> <span class='ocrx_word' id='word_1_103' title='bbox 528 1043 553 1089; x_wconf 89' lang='lat' dir='ltr'><strong>et</strong></span> <span class='ocrx_word' id='word_1_104' title='bbox 564 1046 664 1107; x_wconf 90' lang='lat' dir='ltr'><strong>patrem</strong></span> <span class='ocrx_word' id='word_1_105' title='bbox 676 1055 727 1089; x_wconf 91' lang='lat' dir='ltr'><strong>nou</strong></span> <span class='ocrx_word' id='word_1_106' title='bbox 740 1038 898 1106; x_wconf 85' lang='lat' dir='ltr'><strong>ingenitum,</strong></span> <span class='ocrx_word' id='word_1_107' title='bbox 916 1037 960 1089; x_wconf 87' lang='lat' dir='ltr'><strong>sed</strong></span> <span class='ocrx_word' id='word_1_108' title='bbox 973 1045 1071 1107; x_wconf 89' lang='lat' dir='ltr'><strong>patrem</strong></span> <span class='ocrx_word' id='word_1_109' title='bbox 1084 1054 1142 1090; x_wconf 89' lang='lat' dir='ltr'><strong>curn</strong></span> <span class='ocrx_word' id='word_1_110' title='bbox 1154 1054 1228 1091; x_wconf 88' lang='lat' dir='ltr'><strong>sacra</strong></span> 
     </span>
     <span class='ocr_line' id='line_1_11' title="bbox 67 1105 487 1175; baseline -0.002 -17"><span class='ocrx_word' id='word_1_111' title='bbox 67 1106 196 1175; x_wconf 82' lang='lat' dir='ltr'><strong>scriptura</strong></span> <span class='ocrx_word' id='word_1_112' title='bbox 208 1105 352 1167; x_wconf 87' lang='lat' dir='ltr'><strong>dicendum,</strong></span> <span class='ocrx_word' id='word_1_113' title='bbox 366 1106 487 1159; x_wconf 83' lang='lat' dir='ltr'><strong>affirmat.</strong></span> 
     </span>
    </p>

    <p class='ocr_par' dir='ltr' id='par_1_4' title="bbox 62 1173 1230 1432">
     <span class='ocr_line' id='line_1_12' title="bbox 137 1173 1228 1243; baseline 0 -17"><span class='ocrx_word' id='word_1_114' title='bbox 137 1173 154 1226; x_wconf 83' lang='lat' dir='ltr'>S</span> <span class='ocrx_word' id='word_1_115' title='bbox 174 1174 248 1226; x_wconf 75' lang='lat' dir='ltr'><strong>initus</strong></span> <span class='ocrx_word' id='word_1_116' title='bbox 266 1182 371 1226; x_wconf 89' lang='lat' dir='ltr'><strong>sanctus</strong></span> <span class='ocrx_word' id='word_1_117' title='bbox 389 1175 457 1243; x_wconf 90' lang='lat' dir='ltr'><strong>patri</strong></span> <span class='ocrx_word' id='word_1_118' title='bbox 472 1181 498 1225; x_wconf 90' lang='lat' dir='ltr'><strong>et</strong></span> <span class='ocrx_word' id='word_1_119' title='bbox 514 1175 567 1226; x_wconf 86' lang='lat' dir='ltr'><strong>tilio</strong></span> <span class='ocrx_word' id='word_1_120' title='bbox 585 1176 747 1240; x_wconf 85' lang='lat' dir='ltr'><strong>coaeternus]</strong></span> <span class='ocrx_word' id='word_1_121' title='bbox 773 1175 934 1242; x_wconf 74' lang='lat' dir='ltr'><strong>Augustinus</strong></span> <span class='ocrx_word' id='word_1_122' title='bbox 951 1174 982 1225; x_wconf 90' lang='lat' dir='ltr'><strong>de</strong></span> <span class='ocrx_word' id='word_1_123' title='bbox 999 1174 1049 1226; x_wconf 88' lang='lat' dir='ltr'><strong>fide</strong></span> <span class='ocrx_word' id='word_1_124' title='bbox 1065 1179 1092 1226; x_wconf 83' lang='lat' dir='ltr'><strong>et</strong></span> <span class='ocrx_word' id='word_1_125' title='bbox 1109 1175 1228 1242; x_wconf 90' lang='lat' dir='ltr'><strong>symbolo</strong></span> 
     </span>
     <span class='ocr_line' id='line_1_13' title="bbox 67 1190 1230 1312; baseline 0 -18"><span class='ocrx_word' id='word_1_126' title='bbox 67 1248 132 1295; x_wconf 80' lang='lat' dir='ltr'><strong>tem.</strong></span> <span class='ocrx_word' id='word_1_127' title='bbox 144 1190 188 1294; x_wconf 65' lang='lat' dir='ltr'><strong>Ili.</strong></span> <span class='ocrx_word' id='word_1_128' title='bbox 201 1241 244 1295; x_wconf 83' lang='lat' dir='ltr'><strong>iol.</strong></span> <span class='ocrx_word' id='word_1_129' title='bbox 260 1242 316 1293; x_wconf 75' lang='lat'><strong>102.</strong></span> <span class='ocrx_word' id='word_1_130' title='bbox 328 1258 383 1312; x_wconf 89' lang='lat' dir='ltr'><strong>cap.</strong></span> <span class='ocrx_word' id='word_1_131' title='bbox 397 1243 441 1294; x_wconf 84' lang='lat' dir='ltr'><strong>lX.</strong></span> <span class='ocrx_word' id='word_1_132' title='bbox 465 1244 577 1310; x_wconf 72' lang='lat' dir='ltr'><strong>Spiritus</strong></span> <span class='ocrx_word' id='word_1_133' title='bbox 592 1253 695 1293; x_wconf 80' lang='lat' dir='ltr'><strong>satiatus</strong></span> <span class='ocrx_word' id='word_1_134' title='bbox 713 1262 760 1294; x_wconf 90' lang='lat' dir='ltr'><strong>non</strong></span> <span class='ocrx_word' id='word_1_135' title='bbox 776 1245 807 1293; x_wconf 78' lang='lat' dir='ltr'><strong>ele</strong></span> <span class='ocrx_word' id='word_1_136' title='bbox 820 1247 914 1293; x_wconf 80' lang='lat' dir='ltr'><strong>ncirrore</strong></span> <span class='ocrx_word' id='word_1_137' title='bbox 926 1252 1020 1294; x_wconf 77' lang='lat' dir='ltr'><strong>etaltera</strong></span> <span class='ocrx_word' id='word_1_138' title='bbox 1033 1261 1105 1310; x_wconf 65' lang='lat' dir='ltr'><strong>wana</strong></span> <span class='ocrx_word' id='word_1_139' title='bbox 1115 1252 1193 1311; x_wconf 83' lang='lat' dir='ltr'><strong>pater</strong></span> <span class='ocrx_word' id='word_1_140' title='bbox 1205 1253 1230 1294; x_wconf 89' lang='lat' dir='ltr'><strong>et</strong></span> 
     </span>
     <span class='ocr_line' id='line_1_14' title="bbox 62 1312 1229 1380; baseline 0 -18"><span class='ocrx_word' id='word_1_141' title='bbox 62 1312 136 1380; x_wconf 73' lang='lat' dir='ltr'><strong>filias</strong></span> <span class='ocrx_word' id='word_1_142' title='bbox 148 1320 194 1372; x_wconf 80' lang='lat' dir='ltr'><strong>eat,</strong></span> <span class='ocrx_word' id='word_1_143' title='bbox 212 1312 258 1362; x_wconf 85' lang='lat' dir='ltr'><strong>sed</strong></span> <span class='ocrx_word' id='word_1_144' title='bbox 269 1320 296 1360; x_wconf 90' lang='lat' dir='ltr'><strong>ut</strong></span> <span class='ocrx_word' id='word_1_145' title='bbox 307 1315 343 1362; x_wconf 89' lang='lat' dir='ltr'><strong>ita</strong></span> <span class='ocrx_word' id='word_1_146' title='bbox 357 1313 454 1372; x_wconf 83' lang='lat' dir='ltr'><strong>diram,</strong></span> <span class='ocrx_word' id='word_1_147' title='bbox 472 1312 693 1361; x_wconf 74' lang='lat' dir='ltr'><strong>correntstanu&#39;aln</strong></span> <span class='ocrx_word' id='word_1_148' title='bbox 705 1320 728 1361; x_wconf 84' lang='lat' dir='ltr'><strong>el</strong></span> <span class='ocrx_word' id='word_1_149' title='bbox 740 1320 897 1372; x_wconf 67' lang='lat' dir='ltr'><strong>attrectemus,</strong></span> <span class='ocrx_word' id='word_1_150' title='bbox 916 1315 975 1377; x_wconf 78' lang='lat' dir='ltr'><strong>peria</strong></span> <span class='ocrx_word' id='word_1_151' title='bbox 989 1315 1038 1361; x_wconf 73' lang='lat' dir='ltr'><strong>rictu</strong></span> <span class='ocrx_word' id='word_1_152' title='bbox 1052 1315 1154 1362; x_wconf 83' lang='lat' dir='ltr'><strong>trinitas</strong></span> <span class='ocrx_word' id='word_1_153' title='bbox 1166 1329 1229 1362; x_wconf 84' lang='lat' dir='ltr'><strong>anua</strong></span> 
     </span>
     <span class='ocr_line' id='line_1_15' title="bbox 68 1377 1148 1432; baseline 0.001 -2"><span class='ocrx_word' id='word_1_154' title='bbox 68 1388 105 1431; x_wconf 78' lang='lat' dir='ltr'><strong>est</strong></span> <span class='ocrx_word' id='word_1_155' title='bbox 117 1381 184 1430; x_wconf 84' lang='lat' dir='ltr'><strong>deus.</strong></span> <span class='ocrx_word' id='word_1_156' title='bbox 203 1379 267 1430; x_wconf 91' lang='lat' dir='ltr'><strong>Vide</strong></span> <span class='ocrx_word' id='word_1_157' title='bbox 281 1379 367 1432; x_wconf 89' lang='lat' dir='ltr'><strong>iehan.</strong></span> <span class='ocrx_word' id='word_1_158' title='bbox 382 1379 573 1430; x_wconf 90' lang='lat' dir='ltr'><strong>Damasceuum</strong></span> <span class='ocrx_word' id='word_1_159' title='bbox 586 1380 617 1430; x_wconf 90' lang='lat' dir='ltr'><strong>de</strong></span> <span class='ocrx_word' id='word_1_160' title='bbox 629 1379 679 1430; x_wconf 86' lang='lat' dir='ltr'><strong>fide</strong></span> <span class='ocrx_word' id='word_1_161' title='bbox 692 1377 837 1430; x_wconf 85' lang='lat' dir='ltr'><strong>orthodoxa</strong></span> <span class='ocrx_word' id='word_1_162' title='bbox 848 1379 892 1430; x_wconf 91' lang='lat' dir='ltr'><strong>lib.</strong></span> <span class='ocrx_word' id='word_1_163' title='bbox 906 1377 923 1428; x_wconf 95' lang='lat' dir='ltr'><strong>l.</strong></span> <span class='ocrx_word' id='word_1_164' title='bbox 936 1395 958 1432; x_wconf 86' lang='lat' dir='ltr'><strong>e.</strong></span> <span class='ocrx_word' id='word_1_165' title='bbox 971 1379 1005 1432; x_wconf 88' lang='lat' dir='ltr'><strong>X.</strong></span> <span class='ocrx_word' id='word_1_166' title='bbox 1018 1385 1043 1429; x_wconf 91' lang='lat' dir='ltr'><strong>et</strong></span> <span class='ocrx_word' id='word_1_167' title='bbox 1055 1378 1148 1431; x_wconf 86' lang='lat' dir='ltr'><strong>XVIII.</strong></span> 
     </span>
    </p>

    <p class='ocr_par' dir='ltr' id='par_1_5' title="bbox 66 1445 1228 1800">
     <span class='ocr_line' id='line_1_16' title="bbox 119 1445 1227 1516; baseline -0.002 -15"><span class='ocrx_word' id='word_1_168' title='bbox 119 1446 176 1501; x_wconf 84' lang='lat' dir='ltr'><strong>Non</strong></span> <span class='ocrx_word' id='word_1_169' title='bbox 189 1446 298 1499; x_wconf 84' lang='lat' dir='ltr'><strong>confusa</strong></span> <span class='ocrx_word' id='word_1_170' title='bbox 311 1448 337 1498; x_wconf 93' lang='lat' dir='ltr'><strong>iu</strong></span> <span class='ocrx_word' id='word_1_171' title='bbox 351 1464 402 1498; x_wconf 89' lang='lat' dir='ltr'><strong>uua</strong></span> <span class='ocrx_word' id='word_1_172' title='bbox 413 1463 524 1516; x_wconf 91' lang='lat' dir='ltr'><strong>persona</strong></span> <span class='ocrx_word' id='word_1_173' title='bbox 535 1448 650 1508; x_wconf 84' lang='lat' dir='ltr'><strong>trinitas,</strong></span> <span class='ocrx_word' id='word_1_174' title='bbox 663 1448 730 1499; x_wconf 89' lang='lat' dir='ltr'><strong>sicut</strong></span> <span class='ocrx_word' id='word_1_175' title='bbox 742 1447 871 1499; x_wconf 87' lang='lat' dir='ltr'><strong>Sabellius</strong></span> <span class='ocrx_word' id='word_1_176' title='bbox 883 1446 954 1512; x_wconf 91' lang='lat' dir='ltr'><strong>dicit]</strong></span> <span class='ocrx_word' id='word_1_177' title='bbox 984 1447 1112 1499; x_wconf 87' lang='lat' dir='ltr'><strong>Honorius</strong></span> <span class='ocrx_word' id='word_1_178' title='bbox 1125 1447 1155 1498; x_wconf 91' lang='lat' dir='ltr'><strong>de</strong></span> <span class='ocrx_word' id='word_1_179' title='bbox 1168 1445 1227 1499; x_wconf 87' lang='lat' dir='ltr'><strong>hae·</strong></span> 
     </span>
     <span class='ocr_line' id='line_1_17' title="bbox 67 1514 1227 1583; baseline -0.001 -14"><span class='ocrx_word' id='word_1_180' title='bbox 67 1532 118 1569; x_wconf 75' lang='lat' dir='ltr'><strong>tes.</strong></span> <span class='ocrx_word' id='word_1_181' title='bbox 130 1514 270 1567; x_wconf 75' lang='lat' dir='ltr'><strong>Sabelliani</strong></span> <span class='ocrx_word' id='word_1_182' title='bbox 285 1535 358 1565; x_wconf 73' lang='lat' dir='ltr'><strong>reniam</strong></span> <span class='ocrx_word' id='word_1_183' title='bbox 370 1534 504 1582; x_wconf 74' lang='lat' dir='ltr'><strong>personam</strong></span> <span class='ocrx_word' id='word_1_184' title='bbox 535 1521 600 1565; x_wconf 85' lang='lat' dir='ltr'><strong>utris</strong></span> <span class='ocrx_word' id='word_1_185' title='bbox 610 1517 691 1582; x_wconf 76' lang='lat' dir='ltr'><strong>etjilii</strong></span> <span class='ocrx_word' id='word_1_186' title='bbox 702 1519 932 1583; x_wconf 82' lang='lat' dir='ltr'><strong>etspiritussancti</strong></span> <span class='ocrx_word' id='word_1_187' title='bbox 946 1516 1087 1566; x_wconf 72' lang='lat' dir='ltr'><strong>reclamant.</strong></span> <span class='ocrx_word' id='word_1_188' title='bbox 1110 1515 1227 1568; x_wconf 80' lang='lat' dir='ltr'><strong>Vincent.</strong></span> 
     </span>
     <span class='ocr_line' id='line_1_18' title="bbox 66 1535 1227 1652; baseline -0.002 -17"><span class='ocrx_word' id='word_1_189' title='bbox 66 1583 195 1641; x_wconf 87' lang='lat' dir='ltr'><strong>Lirinens.</strong></span> <span class='ocrx_word' id='word_1_190' title='bbox 209 1591 298 1635; x_wconf 82' lang='lat' dir='ltr'><strong>contra</strong></span> <span class='ocrx_word' id='word_1_191' title='bbox 310 1582 405 1635; x_wconf 81' lang='lat' dir='ltr'><strong>haeret.</strong></span> <span class='ocrx_word' id='word_1_192' title='bbox 419 1601 440 1634; x_wconf 91' lang='lat' dir='ltr'><strong>c.</strong></span> <span class='ocrx_word' id='word_1_193' title='bbox 453 1535 576 1636; x_wconf 68' lang='lat' dir='ltr'><strong>XXEIV.</strong></span> <span class='ocrx_word' id='word_1_194' title='bbox 599 1584 726 1652; x_wconf 77' lang='lat' dir='ltr'><strong>Didymus</strong></span> <span class='ocrx_word' id='word_1_195' title='bbox 740 1582 929 1635; x_wconf 80' lang='lat' dir='ltr'><strong>Alexandrinus</strong></span> <span class='ocrx_word' id='word_1_196' title='bbox 946 1583 973 1634; x_wconf 90' lang='lat' dir='ltr'><strong>in</strong></span> <span class='ocrx_word' id='word_1_197' title='bbox 990 1599 1003 1634; x_wconf 89' lang='lat' dir='ltr'><strong>e</strong></span> <span class='ocrx_word' id='word_1_198' title='bbox 1022 1583 1126 1635; x_wconf 88' lang='lat' dir='ltr'><strong>istolam</strong></span> <span class='ocrx_word' id='word_1_199' title='bbox 1142 1581 1196 1636; x_wconf 90' lang='lat' dir='ltr'><strong>loh.</strong></span> <span class='ocrx_word' id='word_1_200' title='bbox 1208 1583 1227 1634; x_wconf 91' lang='lat' dir='ltr'><strong>l.</strong></span> 
     </span>
     <span class='ocr_line' id='line_1_19' title="bbox 68 1600 1228 1719; baseline -0.002 -14"><span class='ocrx_word' id='word_1_201' title='bbox 68 1668 90 1705; x_wconf 88' lang='lat' dir='ltr'><strong>e.</strong></span> <span class='ocrx_word' id='word_1_202' title='bbox 102 1651 134 1706; x_wconf 90' lang='lat' dir='ltr'><strong>V.</strong></span> <span class='ocrx_word' id='word_1_203' title='bbox 152 1651 240 1703; x_wconf 88' lang='lat' dir='ltr'><strong>Victor</strong></span> <span class='ocrx_word' id='word_1_204' title='bbox 252 1651 283 1702; x_wconf 91' lang='lat' dir='ltr'><strong>de</strong></span> <span class='ocrx_word' id='word_1_205' title='bbox 296 1651 345 1703; x_wconf 90' lang='lat' dir='ltr'><strong>tide</strong></span> <span class='ocrx_word' id='word_1_206' title='bbox 358 1652 491 1704; x_wconf 89' lang='lat' dir='ltr'><strong>catholica.</strong></span> <span class='ocrx_word' id='word_1_207' title='bbox 511 1652 650 1703; x_wconf 83' lang='lat' dir='ltr'><strong>Cassianus</strong></span> <span class='ocrx_word' id='word_1_208' title='bbox 663 1652 694 1703; x_wconf 91' lang='lat' dir='ltr'><strong>de</strong></span> <span class='ocrx_word' id='word_1_209' title='bbox 707 1652 830 1704; x_wconf 86' lang='lat' dir='ltr'><strong>incarnat.</strong></span> <span class='ocrx_word' id='word_1_210' title='bbox 842 1650 936 1702; x_wconf 78' lang='lat' dir='ltr'><strong>Christi</strong></span> <span class='ocrx_word' id='word_1_211' title='bbox 949 1600 1021 1703; x_wconf 76' lang='lat' dir='ltr'><strong>tibi</strong></span> <span class='ocrx_word' id='word_1_212' title='bbox 1039 1650 1150 1719; x_wconf 83' lang='lat' dir='ltr'><strong>Vigilius</strong></span> <span class='ocrx_word' id='word_1_213' title='bbox 1159 1652 1228 1703; x_wconf 86' lang='lat' dir='ltr'><strong>Mar·</strong></span> 
     </span>
     <span class='ocr_line' id='line_1_20' title="bbox 67 1718 1228 1800; baseline -0.001 -28"><span class='ocrx_word' id='word_1_214' title='bbox 67 1726 110 1790; x_wconf 84' lang='lat' dir='ltr'><strong>tyr</strong></span> <span class='ocrx_word' id='word_1_215' title='bbox 121 1726 212 1773; x_wconf 76' lang='lat' dir='ltr'><strong>conaa</strong></span> <span class='ocrx_word' id='word_1_216' title='bbox 224 1718 358 1788; x_wconf 76' lang='lat' dir='ltr'><strong>Eutychen</strong></span> <span class='ocrx_word' id='word_1_217' title='bbox 370 1721 414 1771; x_wconf 93' lang='lat' dir='ltr'><strong>lib.</strong></span> <span class='ocrx_word' id='word_1_218' title='bbox 428 1720 446 1771; x_wconf 89' lang='lat' dir='ltr'><strong>l.</strong></span> <span class='ocrx_word' id='word_1_219' title='bbox 468 1719 627 1800; x_wconf 87' lang='lat' dir='ltr'><strong>Epiphanius</strong></span> <span class='ocrx_word' id='word_1_220' title='bbox 646 1719 743 1773; x_wconf 91' lang='lat' dir='ltr'><strong>haeres.</strong></span> <span class='ocrx_word' id='word_1_221' title='bbox 756 1719 835 1772; x_wconf 84' lang='lat' dir='ltr'>LXII.</span> <span class='ocrx_word' id='word_1_222' title='bbox 849 1718 942 1771; x_wconf 83' lang='lat' dir='ltr'>LXIX.</span> <span class='ocrx_word' id='word_1_223' title='bbox 972 1719 1094 1771; x_wconf 85' lang='lat' dir='ltr'><strong>Leontius</strong></span> <span class='ocrx_word' id='word_1_224' title='bbox 1107 1720 1138 1771; x_wconf 92' lang='lat' dir='ltr'><strong>de</strong></span> <span class='ocrx_word' id='word_1_225' title='bbox 1151 1719 1228 1771; x_wconf 88' lang='lat' dir='ltr'><strong>sectis</strong></span> 
     </span>
    </p>

    <p class='ocr_par' dir='ltr' id='par_1_6' title="bbox 66 1785 1229 2745">
     <span class='ocr_line' id='line_1_21' title="bbox 86 1785 1227 1856; baseline -0.004 -12"><span class='ocrx_word' id='word_1_226' title='bbox 86 1831 93 1844; x_wconf 88' lang='lat'><strong>.</strong></span> <span class='ocrx_word' id='word_1_227' title='bbox 106 1787 165 1840; x_wconf 81' lang='lat'><strong>437.</strong></span> <span class='ocrx_word' id='word_1_228' title='bbox 189 1787 326 1840; x_wconf 74' lang='lat' dir='ltr'><strong>Caesarius</strong></span> <span class='ocrx_word' id='word_1_229' title='bbox 344 1789 422 1840; x_wconf 87' lang='lat' dir='ltr'><strong>frater</strong></span> <span class='ocrx_word' id='word_1_230' title='bbox 440 1787 559 1840; x_wconf 84' lang='lat' dir='ltr'><strong>Nazianz.</strong></span> <span class='ocrx_word' id='word_1_231' title='bbox 573 1789 640 1839; x_wconf 91' lang='lat' dir='ltr'><strong>dialo</strong></span> <span class='ocrx_word' id='word_1_232' title='bbox 662 1829 668 1839; x_wconf 89' lang='lat'><strong>.</strong></span> <span class='ocrx_word' id='word_1_233' title='bbox 681 1788 700 1839; x_wconf 92' lang='lat'><strong>1.</strong></span> <span class='ocrx_word' id='word_1_234' title='bbox 712 1788 919 1856; x_wconf 85' lang='lat' dir='ltr'><strong>Harmenopulus</strong></span> <span class='ocrx_word' id='word_1_235' title='bbox 932 1787 962 1839; x_wconf 92' lang='lat' dir='ltr'><strong>de</strong></span> <span class='ocrx_word' id='word_1_236' title='bbox 975 1787 1052 1839; x_wconf 88' lang='lat' dir='ltr'><strong>sectis</strong></span> <span class='ocrx_word' id='word_1_237' title='bbox 1064 1804 1089 1856; x_wconf 87' lang='lat' dir='ltr'><strong>p.</strong></span> <span class='ocrx_word' id='word_1_238' title='bbox 1102 1785 1159 1840; x_wconf 80' lang='lat'><strong>589.</strong></span> <span class='ocrx_word' id='word_1_239' title='bbox 1182 1786 1227 1839; x_wconf 90' lang='lat' dir='ltr'><strong>isi·</strong></span> 
     </span>
     <span class='ocr_line' id='line_1_22' title="bbox 66 1804 1228 1925; baseline -0.003 -14"><span class='ocrx_word' id='word_1_240' title='bbox 66 1805 146 1911; x_wconf 72' lang='lat' dir='ltr'><strong>Eurus</strong></span> <span class='ocrx_word' id='word_1_241' title='bbox 159 1856 319 1925; x_wconf 86' lang='lat' dir='ltr'><strong>Hispalensis</strong></span> <span class='ocrx_word' id='word_1_242' title='bbox 332 1858 396 1925; x_wconf 73' lang='lat' dir='ltr'><strong>orig.</strong></span> <span class='ocrx_word' id='word_1_243' title='bbox 410 1858 452 1910; x_wconf 93' lang='lat' dir='ltr'><strong>lib.</strong></span> <span class='ocrx_word' id='word_1_244' title='bbox 467 1856 531 1908; x_wconf 80' lang='lat' dir='ltr'><strong>Vlll.</strong></span> <span class='ocrx_word' id='word_1_245' title='bbox 545 1873 566 1907; x_wconf 88' lang='lat' dir='ltr'><strong>e.</strong></span> <span class='ocrx_word' id='word_1_246' title='bbox 580 1857 609 1910; x_wconf 88' lang='lat' dir='ltr'><strong>V.</strong></span> <span class='ocrx_word' id='word_1_247' title='bbox 628 1804 778 1908; x_wconf 75' lang='lat' dir='ltr'><strong>Philostrius</strong></span> <span class='ocrx_word' id='word_1_248' title='bbox 791 1854 889 1908; x_wconf 87' lang='lat' dir='ltr'><strong>haeres.</strong></span> <span class='ocrx_word' id='word_1_249' title='bbox 903 1854 966 1906; x_wconf 90' lang='lat' dir='ltr'><strong>LlV.</strong></span> <span class='ocrx_word' id='word_1_250' title='bbox 985 1853 1072 1908; x_wconf 87' lang='lat' dir='ltr'><strong>lohan.</strong></span> <span class='ocrx_word' id='word_1_251' title='bbox 1084 1854 1228 1908; x_wconf 79' lang='lat' dir='ltr'><strong>Monachus</strong></span> 
     </span>
     <span class='ocr_line' id='line_1_23' title="bbox 67 1921 1228 1993; baseline -0.003 -13"><span class='ocrx_word' id='word_1_252' title='bbox 67 1927 94 1981; x_wconf 91' lang='lat' dir='ltr'><strong>in</strong></span> <span class='ocrx_word' id='word_1_253' title='bbox 107 1941 208 1978; x_wconf 83' lang='lat' dir='ltr'><strong>canone</strong></span> <span class='ocrx_word' id='word_1_254' title='bbox 221 1933 310 1976; x_wconf 66' lang='lat' dir='ltr'><strong>«eontra</strong></span> <span class='ocrx_word' id='word_1_255' title='bbox 323 1942 412 1977; x_wconf 87' lang='lat' dir='ltr'><strong>omnes</strong></span> <span class='ocrx_word' id='word_1_256' title='bbox 425 1925 545 1977; x_wconf 86' lang='lat' dir='ltr'><strong>haereses</strong></span> <span class='ocrx_word' id='word_1_257' title='bbox 559 1931 620 1976; x_wconf 89' lang='lat' dir='ltr'><strong>tom.</strong></span> <span class='ocrx_word' id='word_1_258' title='bbox 634 1924 677 1976; x_wconf 82' lang='lat' dir='ltr'><strong>lt&#39;.</strong></span> <span class='ocrx_word' id='word_1_259' title='bbox 691 1922 806 1976; x_wconf 91' lang='lat' dir='ltr'><strong>biblioth.</strong></span> <span class='ocrx_word' id='word_1_260' title='bbox 819 1931 930 1993; x_wconf 91' lang='lat' dir='ltr'><strong>patrum.</strong></span> <span class='ocrx_word' id='word_1_261' title='bbox 955 1921 1130 1975; x_wconf 86' lang='lat' dir='ltr'><strong>Theodoretus</strong></span> <span class='ocrx_word' id='word_1_262' title='bbox 1147 1923 1191 1976; x_wconf 85' lang='lat' dir='ltr'><strong>lib.</strong></span> <span class='ocrx_word' id='word_1_263' title='bbox 1204 1923 1228 1976; x_wconf 79' lang='grc'><strong>2.</strong></span> 
     </span>
     <span class='ocr_line' id='line_1_24' title="bbox 67 1990 1229 2061; baseline -0.003 -14"><span class='ocrx_word' id='word_1_264' title='bbox 67 1993 148 2047; x_wconf 70' lang='lat' dir='ltr'><strong>isbal.</strong></span> <span class='ocrx_word' id='word_1_265' title='bbox 161 1990 257 2045; x_wconf 89' lang='lat' dir='ltr'><strong>haeret.</strong></span> <span class='ocrx_word' id='word_1_266' title='bbox 284 1993 437 2061; x_wconf 81' lang='lat' dir='ltr'><strong>Fulgentius</strong></span> <span class='ocrx_word' id='word_1_267' title='bbox 456 1994 486 2045; x_wconf 92' lang='lat' dir='ltr'><strong>de</strong></span> <span class='ocrx_word' id='word_1_268' title='bbox 506 1992 554 2044; x_wconf 89' lang='lat' dir='ltr'><strong>lide</strong></span> <span class='ocrx_word' id='word_1_269' title='bbox 568 1991 710 2044; x_wconf 83' lang='lat' dir='ltr'><strong>orthodoxa</strong></span> <span class='ocrx_word' id='word_1_270' title='bbox 728 1993 760 2043; x_wconf 92' lang='lat' dir='ltr'><strong>ad</strong></span> <span class='ocrx_word' id='word_1_271' title='bbox 773 1992 902 2043; x_wconf 86' lang='lat' dir='ltr'><strong>Donatum</strong></span> <span class='ocrx_word' id='word_1_272' title='bbox 920 1991 963 2042; x_wconf 84' lang='lat' dir='ltr'><strong>fol.</strong></span> <span class='ocrx_word' id='word_1_273' title='bbox 977 1990 1016 2042; x_wconf 80' lang='lat' dir='ltr'><strong>ut.</strong></span> <span class='ocrx_word' id='word_1_274' title='bbox 1043 1990 1182 2043; x_wconf 85' lang='lat' dir='ltr'><strong>Faustinus</strong></span> <span class='ocrx_word' id='word_1_275' title='bbox 1198 1992 1229 2044; x_wconf 88' lang='lat' dir='ltr'><strong>de</strong></span> 
     </span>
     <span class='ocr_line' id='line_1_25' title="bbox 67 2058 1228 2127; baseline -0.005 -11"><span class='ocrx_word' id='word_1_276' title='bbox 67 2060 118 2117; x_wconf 79' lang='lat' dir='ltr'><strong>fide</strong></span> <span class='ocrx_word' id='word_1_277' title='bbox 131 2068 222 2114; x_wconf 87' lang='lat' dir='ltr'><strong>contra</strong></span> <span class='ocrx_word' id='word_1_278' title='bbox 234 2062 356 2113; x_wconf 89' lang='lat' dir='ltr'><strong>Arrianos</strong></span> <span class='ocrx_word' id='word_1_279' title='bbox 369 2061 478 2113; x_wconf 82' lang='lat' dir='ltr'><strong>lollltl.</strong></span> <span class='ocrx_word' id='word_1_280' title='bbox 499 2061 618 2112; x_wconf 86' lang='lat' dir='ltr'><strong>Baeticus</strong></span> <span class='ocrx_word' id='word_1_281' title='bbox 629 2061 656 2112; x_wconf 93' lang='lat' dir='ltr'><strong>iu</strong></span> <span class='ocrx_word' id='word_1_282' title='bbox 666 2061 709 2113; x_wconf 93' lang='lat' dir='ltr'><strong>lib.</strong></span> <span class='ocrx_word' id='word_1_283' title='bbox 718 2061 748 2111; x_wconf 95' lang='lat' dir='ltr'><strong>de</strong></span> <span class='ocrx_word' id='word_1_284' title='bbox 757 2060 816 2113; x_wconf 89' lang='lat' dir='ltr'><strong>fide.</strong></span> <span class='ocrx_word' id='word_1_285' title='bbox 834 2058 993 2127; x_wconf 85' lang='lat' dir='ltr'><strong>Nicephorus</strong></span> <span class='ocrx_word' id='word_1_286' title='bbox 1002 2058 1122 2111; x_wconf 82' lang='lat' dir='ltr'><strong>Callistus</strong></span> <span class='ocrx_word' id='word_1_287' title='bbox 1133 2058 1228 2113; x_wconf 81' lang='lat' dir='ltr'><strong>tinvt.</strong></span> 
     </span>
     <span class='ocr_line' id='line_1_26' title="bbox 68 2126 1227 2233; baseline -0.003 -50"><span class='ocrx_word' id='word_1_288' title='bbox 68 2146 90 2183; x_wconf 83' lang='lat' dir='ltr'><strong>e.</strong></span> <span class='ocrx_word' id='word_1_289' title='bbox 101 2129 188 2184; x_wconf 83' lang='lat' dir='ltr'><strong>XXV.</strong></span> <span class='ocrx_word' id='word_1_290' title='bbox 206 2130 257 2182; x_wconf 89' lang='lat' dir='ltr'><strong>Leo</strong></span> <span class='ocrx_word' id='word_1_291' title='bbox 271 2129 317 2233; x_wconf 57' lang='lat' dir='ltr'><strong>i’g.</strong></span> <span class='ocrx_word' id='word_1_292' title='bbox 330 2147 405 2181; x_wconf 91' lang='lat' dir='ltr'><strong>serm.</strong></span> <span class='ocrx_word' id='word_1_293' title='bbox 421 2130 460 2181; x_wconf 79' lang='lat' dir='ltr'><strong>tt&#39;.</strong></span> <span class='ocrx_word' id='word_1_294' title='bbox 473 2129 503 2180; x_wconf 89' lang='lat' dir='ltr'><strong>de</strong></span> <span class='ocrx_word' id='word_1_295' title='bbox 517 2128 654 2180; x_wconf 79' lang='lat' dir='ltr'><strong>Natiuitate</strong></span> <span class='ocrx_word' id='word_1_296' title='bbox 668 2129 766 2180; x_wconf 89' lang='lat' dir='ltr'><strong>domiui</strong></span> <span class='ocrx_word' id='word_1_297' title='bbox 777 2144 837 2197; x_wconf 80' lang='lat' dir='ltr'><strong>pag.</strong></span> <span class='ocrx_word' id='word_1_298' title='bbox 850 2126 890 2181; x_wconf 77' lang='lat' dir='ltr'><strong>at.</strong></span> <span class='ocrx_word' id='word_1_299' title='bbox 914 2127 1065 2178; x_wconf 85' lang='lat' dir='ltr'><strong>Ambrosius</strong></span> <span class='ocrx_word' id='word_1_300' title='bbox 1078 2127 1104 2178; x_wconf 92' lang='lat' dir='ltr'><strong>in</strong></span> <span class='ocrx_word' id='word_1_301' title='bbox 1117 2127 1227 2195; x_wconf 81' lang='lat' dir='ltr'><strong>symbol.</strong></span> 
     </span>
     <span class='ocr_line' id='line_1_27' title="bbox 67 2199 313 2251; baseline -0.004 -1"><span class='ocrx_word' id='word_1_302' title='bbox 67 2214 83 2250; x_wconf 79' lang='lat' dir='ltr'><strong>a</strong></span> <span class='ocrx_word' id='word_1_303' title='bbox 118 2199 313 2251; x_wconf 41' lang='lat' dir='ltr'><strong>stolorumeff.</strong></span> 
     </span>
     <span class='ocr_line' id='line_1_28' title="bbox 82 2215 1227 2332; baseline -0.003 -14"><span class='ocrx_word' id='word_1_304' title='bbox 82 2215 157 2318; x_wconf 79' lang='lat' dir='ltr'><strong>poNe</strong></span> <span class='ocrx_word' id='word_1_305' title='bbox 178 2283 209 2318; x_wconf 92' lang='lat' dir='ltr'><strong>ue</strong></span> <span class='ocrx_word' id='word_1_306' title='bbox 223 2284 250 2317; x_wconf 92' lang='lat' dir='ltr'><strong>se</strong></span> <span class='ocrx_word' id='word_1_307' title='bbox 270 2274 341 2317; x_wconf 91' lang='lat' dir='ltr'><strong>arata</strong></span> <span class='ocrx_word' id='word_1_308' title='bbox 354 2272 397 2318; x_wconf 88' lang='lat' dir='ltr'><strong>aut</strong></span> <span class='ocrx_word' id='word_1_309' title='bbox 411 2267 494 2318; x_wconf 91' lang='lat' dir='ltr'><strong>divisa</strong></span> <span class='ocrx_word' id='word_1_310' title='bbox 508 2266 531 2317; x_wconf 90' lang='lat' dir='ltr'><strong>iu</strong></span> <span class='ocrx_word' id='word_1_311' title='bbox 546 2271 638 2318; x_wconf 89' lang='lat' dir='ltr'><strong>natura</strong></span> <span class='ocrx_word' id='word_1_312' title='bbox 651 2266 786 2327; x_wconf 84' lang='lat' dir='ltr'><strong>diviuitas,</strong></span> <span class='ocrx_word' id='word_1_313' title='bbox 800 2271 828 2316; x_wconf 90' lang='lat' dir='ltr'><strong>ut</strong></span> <span class='ocrx_word' id='word_1_314' title='bbox 840 2265 928 2316; x_wconf 90' lang='lat' dir='ltr'><strong>Arrius</strong></span> <span class='ocrx_word' id='word_1_315' title='bbox 942 2262 1115 2332; x_wconf 86' lang='lat' dir='ltr'><strong>blasphemat]</strong></span> <span class='ocrx_word' id='word_1_316' title='bbox 1134 2262 1227 2315; x_wconf 89' lang='lat' dir='ltr'><strong>Procu-</strong></span> 
     </span>
     <span class='ocr_line' id='line_1_29' title="bbox 67 2283 1228 2398; baseline -0.006 -10"><span class='ocrx_word' id='word_1_317' title='bbox 67 2336 110 2388; x_wconf 87' lang='lat' dir='ltr'><strong>lus</strong></span> <span class='ocrx_word' id='word_1_318' title='bbox 123 2335 153 2387; x_wconf 88' lang='lat' dir='ltr'><strong>de</strong></span> <span class='ocrx_word' id='word_1_319' title='bbox 160 2283 216 2386; x_wconf 70' lang='lat' dir='ltr'><strong>ide</strong></span> <span class='ocrx_word' id='word_1_320' title='bbox 230 2284 268 2386; x_wconf 67' lang='lat' dir='ltr'><strong>al</strong></span> <span class='ocrx_word' id='word_1_321' title='bbox 275 2335 409 2386; x_wconf 82' lang='lat' dir='ltr'><strong>Armenios</strong></span> <span class='ocrx_word' id='word_1_322' title='bbox 423 2335 466 2388; x_wconf 86' lang='lat' dir='ltr'><strong>sei.</strong></span> <span class='ocrx_word' id='word_1_323' title='bbox 481 2334 538 2386; x_wconf 79' lang='lat'><strong>413.</strong></span> <span class='ocrx_word' id='word_1_324' title='bbox 560 2334 697 2398; x_wconf 76' lang='lat' dir='ltr'><strong>l&#39;upiamas</strong></span> <span class='ocrx_word' id='word_1_325' title='bbox 709 2335 787 2384; x_wconf 82' lang='lat' dir='ltr'><strong>Arrii</strong></span> <span class='ocrx_word' id='word_1_326' title='bbox 798 2337 944 2384; x_wconf 76' lang='lat' dir='ltr'><strong>cassaniam</strong></span> <span class='ocrx_word' id='word_1_327' title='bbox 952 2370 959 2393; x_wconf 92' lang='lat'><strong><em>,</em></strong></span> <span class='ocrx_word' id='word_1_328' title='bbox 976 2335 1019 2398; x_wconf 80' lang='lat' dir='ltr'><strong>qni</strong></span> <span class='ocrx_word' id='word_1_329' title='bbox 1036 2334 1172 2383; x_wconf 71' lang='lat' dir='ltr'><strong>trinitatem</strong></span> <span class='ocrx_word' id='word_1_330' title='bbox 1190 2335 1228 2382; x_wconf 84' lang='lat' dir='ltr'><strong>in-</strong></span> 
     </span>
     <span class='ocr_line' id='line_1_30' title="bbox 68 2396 1226 2474; baseline -0.003 -20"><span class='ocrx_word' id='word_1_331' title='bbox 68 2404 237 2474; x_wconf 79' lang='lat' dir='ltr'><strong>separabilem</strong></span> <span class='ocrx_word' id='word_1_332' title='bbox 251 2404 398 2453; x_wconf 65' lang='lat' dir='ltr'><strong>stab-stanteis</strong></span> <span class='ocrx_word' id='word_1_333' title='bbox 410 2405 509 2456; x_wconf 81' lang='lat' dir='ltr'><strong>‹lii-irlit.</strong></span> <span class='ocrx_word' id='word_1_334' title='bbox 539 2403 648 2470; x_wconf 76' lang='lat' dir='ltr'><strong>Cyrillus</strong></span> <span class='ocrx_word' id='word_1_335' title='bbox 666 2403 691 2453; x_wconf 94' lang='lat' dir='ltr'><strong>iu</strong></span> <span class='ocrx_word' id='word_1_336' title='bbox 704 2399 792 2453; x_wconf 87' lang='lat' dir='ltr'><strong>iehan.</strong></span> <span class='ocrx_word' id='word_1_337' title='bbox 811 2402 854 2452; x_wconf 92' lang='lat' dir='ltr'><strong>lib.</strong></span> <span class='ocrx_word' id='word_1_338' title='bbox 869 2400 921 2451; x_wconf 90' lang='lat' dir='ltr'><strong>Vll.</strong></span> <span class='ocrx_word' id='word_1_339' title='bbox 940 2416 994 2467; x_wconf 90' lang='lat' dir='ltr'><strong>cap.</strong></span> <span class='ocrx_word' id='word_1_340' title='bbox 1007 2399 1041 2452; x_wconf 84' lang='lat' dir='ltr'><strong>X.</strong></span> <span class='ocrx_word' id='word_1_341' title='bbox 1068 2396 1226 2450; x_wconf 86' lang='lat' dir='ltr'><strong>Athanasius</strong></span> 
     </span>
     <span class='ocr_line' id='line_1_31' title="bbox 69 2466 1227 2525; baseline -0.003 -1"><span class='ocrx_word' id='word_1_342' title='bbox 69 2476 132 2525; x_wconf 84' lang='lat' dir='ltr'><strong>tom.</strong></span> <span class='ocrx_word' id='word_1_343' title='bbox 148 2472 168 2524; x_wconf 93' lang='lat' dir='ltr'><strong>l.</strong></span> <span class='ocrx_word' id='word_1_344' title='bbox 181 2470 225 2523; x_wconf 80' lang='lat' dir='ltr'><strong>fol.</strong></span> <span class='ocrx_word' id='word_1_345' title='bbox 239 2472 296 2522; x_wconf 72' lang='lat' dir='ltr'><strong>ili.</strong></span> <span class='ocrx_word' id='word_1_346' title='bbox 315 2472 345 2522; x_wconf 89' lang='lat' dir='ltr'><strong>de</strong></span> <span class='ocrx_word' id='word_1_347' title='bbox 359 2471 485 2524; x_wconf 89' lang='lat' dir='ltr'><strong>incarnat.</strong></span> <span class='ocrx_word' id='word_1_348' title='bbox 502 2469 596 2522; x_wconf 81' lang='lat' dir='ltr'><strong>Christi</strong></span> <span class='ocrx_word' id='word_1_349' title='bbox 615 2470 658 2521; x_wconf 88' lang='lat' dir='ltr'><strong>sol.</strong></span> <span class='ocrx_word' id='word_1_350' title='bbox 671 2470 728 2521; x_wconf 77' lang='lat'><strong>490.</strong></span> <span class='ocrx_word' id='word_1_351' title='bbox 747 2476 809 2523; x_wconf 90' lang='lat' dir='ltr'><strong>orat.</strong></span> <span class='ocrx_word' id='word_1_352' title='bbox 823 2470 852 2522; x_wconf 92' lang='lat' dir='ltr'><strong>V.</strong></span> <span class='ocrx_word' id='word_1_353' title='bbox 870 2474 959 2520; x_wconf 88' lang='lat' dir='ltr'><strong>contra</strong></span> <span class='ocrx_word' id='word_1_354' title='bbox 976 2468 1098 2519; x_wconf 87' lang='lat' dir='ltr'><strong>Arrianus</strong></span> <span class='ocrx_word' id='word_1_355' title='bbox 1111 2467 1155 2519; x_wconf 87' lang='lat' dir='ltr'><strong>fol.</strong></span> <span class='ocrx_word' id='word_1_356' title='bbox 1168 2466 1227 2520; x_wconf 70' lang='lat'><strong>323.</strong></span> 
     </span>
     <span class='ocr_line' id='line_1_32' title="bbox 67 2533 1226 2608; baseline -0.003 -15"><span class='ocrx_word' id='word_1_357' title='bbox 67 2539 198 2594; x_wconf 84' lang='lat' dir='ltr'><strong>Eouorins</strong></span> <span class='ocrx_word' id='word_1_358' title='bbox 215 2541 242 2592; x_wconf 90' lang='lat' dir='ltr'><strong>iu</strong></span> <span class='ocrx_word' id='word_1_359' title='bbox 261 2541 379 2608; x_wconf 81' lang='lat' dir='ltr'><strong>catalogo</strong></span> <span class='ocrx_word' id='word_1_360' title='bbox 397 2541 428 2591; x_wconf 90' lang='lat' dir='ltr'><strong>de</strong></span> <span class='ocrx_word' id='word_1_361' title='bbox 446 2538 543 2591; x_wconf 89' lang='lat' dir='ltr'><strong>haeres.</strong></span> <span class='ocrx_word' id='word_1_362' title='bbox 561 2538 697 2591; x_wconf 87' lang='lat' dir='ltr'><strong>Caesarius</strong></span> <span class='ocrx_word' id='word_1_363' title='bbox 715 2538 810 2606; x_wconf 82' lang='lat' dir='ltr'><strong>dialog.</strong></span> <span class='ocrx_word' id='word_1_364' title='bbox 823 2538 842 2590; x_wconf 93' lang='lat' dir='ltr'><strong>l.</strong></span> <span class='ocrx_word' id='word_1_365' title='bbox 860 2536 973 2590; x_wconf 89' lang='lat' dir='ltr'><strong>Isidorus</strong></span> <span class='ocrx_word' id='word_1_366' title='bbox 992 2535 1085 2604; x_wconf 80' lang='lat' dir='ltr'><strong>origin.</strong></span> <span class='ocrx_word' id='word_1_367' title='bbox 1103 2535 1146 2586; x_wconf 93' lang='lat' dir='ltr'><strong>lib.</strong></span> <span class='ocrx_word' id='word_1_368' title='bbox 1159 2533 1226 2589; x_wconf 90' lang='lat' dir='ltr'><strong>VliI.</strong></span> 
     </span>
     <span class='ocr_line' id='line_1_33' title="bbox 69 2601 1226 2678; baseline -0.005 -16"><span class='ocrx_word' id='word_1_369' title='bbox 69 2623 99 2662; x_wconf 81' lang='lat' dir='ltr'><strong>ca</strong></span> <span class='ocrx_word' id='word_1_370' title='bbox 119 2608 168 2663; x_wconf 88' lang='lat' dir='ltr'><strong>.V.</strong></span> <span class='ocrx_word' id='word_1_371' title='bbox 185 2608 293 2676; x_wconf 78' lang='lat' dir='ltr'><strong>Legatio</strong></span> <span class='ocrx_word' id='word_1_372' title='bbox 306 2610 432 2659; x_wconf 80' lang='lat' dir='ltr'><strong>Marruelis</strong></span> <span class='ocrx_word' id='word_1_373' title='bbox 450 2608 513 2678; x_wconf 88' lang='lat' dir='ltr'><strong>imp.</strong></span> <span class='ocrx_word' id='word_1_374' title='bbox 530 2608 561 2658; x_wconf 91' lang='lat' dir='ltr'><strong>ad</strong></span> <span class='ocrx_word' id='word_1_375' title='bbox 580 2608 713 2658; x_wconf 85' lang='lat' dir='ltr'><strong>Armenios</strong></span> <span class='ocrx_word' id='word_1_376' title='bbox 731 2621 791 2676; x_wconf 79' lang='lat' dir='ltr'><strong>pag.</strong></span> <span class='ocrx_word' id='word_1_377' title='bbox 804 2605 845 2657; x_wconf 80' lang='lat' dir='ltr'><strong>at.</strong></span> <span class='ocrx_word' id='word_1_378' title='bbox 863 2611 887 2656; x_wconf 90' lang='lat' dir='ltr'><strong>et</strong></span> <span class='ocrx_word' id='word_1_379' title='bbox 900 2604 940 2657; x_wconf 83' lang='grc'><strong>89,</strong></span> <span class='ocrx_word' id='word_1_380' title='bbox 959 2603 1117 2674; x_wconf 84' lang='lat' dir='ltr'><strong>Epiphanius</strong></span> <span class='ocrx_word' id='word_1_381' title='bbox 1129 2601 1226 2656; x_wconf 90' lang='lat' dir='ltr'><strong>haeres.</strong></span> 
     </span>
     <span class='ocr_line' id='line_1_34' title="bbox 68 2675 483 2745; baseline -0.002 -15"><span class='ocrx_word' id='word_1_382' title='bbox 68 2676 88 2730; x_wconf 89' lang='lat' dir='ltr'>L</span> <span class='ocrx_word' id='word_1_383' title='bbox 117 2676 163 2729; x_wconf 85' lang='lat' dir='ltr'><strong>IX.</strong></span> <span class='ocrx_word' id='word_1_384' title='bbox 181 2677 319 2745; x_wconf 85' lang='lat' dir='ltr'><strong>Augustiu.</strong></span> <span class='ocrx_word' id='word_1_385' title='bbox 332 2675 430 2727; x_wconf 86' lang='lat' dir='ltr'><strong>haeres.</strong></span> <span class='ocrx_word' id='word_1_386' title='bbox 443 2677 483 2729; x_wconf 77' lang='lat' dir='ltr'><strong>tn.</strong></span> 
     </span>
    </p>

    <p class='ocr_par' dir='ltr' id='par_1_7' title="bbox 68 2738 1228 3018">
     <span class='ocr_line' id='line_1_35' title="bbox 120 2738 1228 2813; baseline -0.005 -17"><span class='ocrx_word' id='word_1_387' title='bbox 120 2746 190 2797; x_wconf 90' lang='lat' dir='ltr'><strong>Alter</strong></span> <span class='ocrx_word' id='word_1_388' title='bbox 202 2746 228 2796; x_wconf 93' lang='lat' dir='ltr'><strong>iu</strong></span> <span class='ocrx_word' id='word_1_389' title='bbox 241 2762 349 2813; x_wconf 85' lang='lat' dir='ltr'><strong>persona</strong></span> <span class='ocrx_word' id='word_1_390' title='bbox 362 2745 444 2810; x_wconf 88' lang='lat' dir='ltr'><strong>filius]</strong></span> <span class='ocrx_word' id='word_1_391' title='bbox 463 2745 557 2796; x_wconf 84' lang='lat' dir='ltr'><strong>Contra</strong></span> <span class='ocrx_word' id='word_1_392' title='bbox 570 2743 710 2795; x_wconf 87' lang='lat' dir='ltr'><strong>haereticos</strong></span> <span class='ocrx_word' id='word_1_393' title='bbox 725 2744 769 2811; x_wconf 93' lang='lat' dir='ltr'><strong>qui</strong></span> <span class='ocrx_word' id='word_1_394' title='bbox 781 2743 900 2794; x_wconf 90' lang='lat' dir='ltr'><strong>dicuutur</strong></span> <span class='ocrx_word' id='word_1_395' title='bbox 913 2741 974 2791; x_wconf 78' lang='grc' dir='ltr'><strong>κατὰ</strong></span> <span class='ocrx_word' id='word_1_396' title='bbox 986 2738 1148 2792; x_wconf 87' lang='lat' dir='ltr'><strong>Aeschinem.</strong></span> <span class='ocrx_word' id='word_1_397' title='bbox 1167 2739 1228 2792; x_wconf 84' lang='lat' dir='ltr'><strong>Ter-</strong></span> 
     </span>
     <span class='ocr_line' id='line_1_36' title="bbox 68 2808 1227 2882; baseline -0.006 -16"><span class='ocrx_word' id='word_1_398' title='bbox 68 2813 192 2867; x_wconf 81' lang='lat' dir='ltr'><strong>tullianus</strong></span> <span class='ocrx_word' id='word_1_399' title='bbox 210 2813 403 2882; x_wconf 87' lang='lat' dir='ltr'><strong>praescription.</strong></span> <span class='ocrx_word' id='word_1_400' title='bbox 422 2813 544 2864; x_wconf 82' lang='lat' dir='ltr'><strong>adversus</strong></span> <span class='ocrx_word' id='word_1_401' title='bbox 561 2812 656 2864; x_wconf 87' lang='lat' dir='ltr'><strong>haeret.</strong></span> <span class='ocrx_word' id='word_1_402' title='bbox 676 2827 732 2880; x_wconf 87' lang='lat' dir='ltr'><strong>rap.</strong></span> <span class='ocrx_word' id='word_1_403' title='bbox 751 2811 802 2863; x_wconf 89' lang='lat' dir='ltr'><strong>Lll.</strong></span> <span class='ocrx_word' id='word_1_404' title='bbox 828 2810 961 2860; x_wconf 80' lang='lat' dir='ltr'><strong>Priratam</strong></span> <span class='ocrx_word' id='word_1_405' title='bbox 981 2808 1162 2877; x_wconf 80' lang='lat' dir='ltr'><strong>blasphemiam</strong></span> <span class='ocrx_word' id='word_1_406' title='bbox 1180 2809 1227 2872; x_wconf 83' lang='lat' dir='ltr'><strong>illi,</strong></span> 
     </span>
     <span class='ocr_line' id='line_1_37' title="bbox 68 2877 1227 2951; baseline -0.004 -18"><span class='ocrx_word' id='word_1_407' title='bbox 68 2885 112 2951; x_wconf 80' lang='lat' dir='ltr'><strong>qui</strong></span> <span class='ocrx_word' id='word_1_408' title='bbox 119 2891 176 2933; x_wconf 84' lang='lat' dir='ltr'><strong>sunt</strong></span> <span class='ocrx_word' id='word_1_409' title='bbox 187 2880 248 2931; x_wconf 78' lang='grc' dir='ltr'>κατὰ</span> <span class='ocrx_word' id='word_1_410' title='bbox 261 2882 410 2931; x_wconf 77' lang='lat' dir='ltr'><strong>Aeschinem</strong></span> <span class='ocrx_word' id='word_1_411' title='bbox 424 2881 490 2931; x_wconf 75' lang='lat' dir='ltr'><strong>latre</strong></span> <span class='ocrx_word' id='word_1_412' title='bbox 504 2881 602 2942; x_wconf 76' lang='lat' dir='ltr'><strong>liaberet,</strong></span> <span class='ocrx_word' id='word_1_413' title='bbox 616 2890 642 2930; x_wconf 88' lang='lat' dir='ltr'><strong>ut</strong></span> <span class='ocrx_word' id='word_1_414' title='bbox 654 2882 749 2939; x_wconf 76' lang='lat' dir='ltr'><strong>(lirant,</strong></span> <span class='ocrx_word' id='word_1_415' title='bbox 764 2879 889 2929; x_wconf 60' lang='lat' dir='ltr'><strong>(hristum</strong></span> <span class='ocrx_word' id='word_1_416' title='bbox 903 2881 982 2945; x_wconf 76' lang='lat' dir='ltr'><strong>ipsunt</strong></span> <span class='ocrx_word' id='word_1_417' title='bbox 995 2877 1136 2943; x_wconf 81' lang='lat' dir='ltr'><strong>eseefilium</strong></span> <span class='ocrx_word' id='word_1_418' title='bbox 1149 2885 1227 2945; x_wconf 81' lang='lat' dir='ltr'><strong>etpa·</strong></span> 
     </span>
     <span class='ocr_line' id='line_1_38' title="bbox 69 2947 767 3018; baseline -0.003 -16"><span class='ocrx_word' id='word_1_419' title='bbox 69 2959 139 3002; x_wconf 86' lang='lat' dir='ltr'><strong>trem.</strong></span> <span class='ocrx_word' id='word_1_420' title='bbox 156 2950 213 3001; x_wconf 89' lang='lat' dir='ltr'><strong>Vid.</strong></span> <span class='ocrx_word' id='word_1_421' title='bbox 226 2950 364 3018; x_wconf 79' lang='lat' dir='ltr'><strong>Angustia.</strong></span> <span class='ocrx_word' id='word_1_422' title='bbox 379 2949 471 3000; x_wconf 84' lang='lat' dir='ltr'><strong>deiide</strong></span> <span class='ocrx_word' id='word_1_423' title='bbox 485 2955 510 3000; x_wconf 91' lang='lat' dir='ltr'><strong>et</strong></span> <span class='ocrx_word' id='word_1_424' title='bbox 521 2950 639 3016; x_wconf 84' lang='lat' dir='ltr'><strong>symbolo</strong></span> <span class='ocrx_word' id='word_1_425' title='bbox 653 2965 707 3017; x_wconf 84' lang='lat' dir='ltr'><strong>cap.</strong></span> <span class='ocrx_word' id='word_1_426' title='bbox 720 2947 767 3000; x_wconf 86' lang='lat' dir='ltr'><strong>IX.</strong></span> 
     </span>
    </p>

    <p class='ocr_par' dir='ltr' id='par_1_8' title="bbox 63 3011 1229 3701">
     <span class='ocr_line' id='line_1_39' title="bbox 120 3011 1227 3087; baseline -0.004 -17"><span class='ocrx_word' id='word_1_427' title='bbox 120 3018 171 3071; x_wconf 87' lang='lat' dir='ltr'><strong>Sed</strong></span> <span class='ocrx_word' id='word_1_428' title='bbox 183 3018 247 3069; x_wconf 84' lang='lat' dir='ltr'><strong>alter</strong></span> <span class='ocrx_word' id='word_1_429' title='bbox 256 3019 283 3069; x_wconf 93' lang='lat' dir='ltr'><strong>in</strong></span> <span class='ocrx_word' id='word_1_430' title='bbox 293 3035 402 3087; x_wconf 87' lang='lat' dir='ltr'><strong>persona</strong></span> <span class='ocrx_word' id='word_1_431' title='bbox 412 3024 492 3086; x_wconf 90' lang='lat' dir='ltr'><strong>pater,</strong></span> <span class='ocrx_word' id='word_1_432' title='bbox 502 3019 567 3069; x_wconf 89' lang='lat' dir='ltr'><strong>alter</strong></span> <span class='ocrx_word' id='word_1_433' title='bbox 576 3019 601 3068; x_wconf 92' lang='lat' dir='ltr'><strong>in</strong></span> <span class='ocrx_word' id='word_1_434' title='bbox 612 3032 724 3085; x_wconf 86' lang='lat' dir='ltr'><strong>persona</strong></span> <span class='ocrx_word' id='word_1_435' title='bbox 733 3016 814 3081; x_wconf 87' lang='lat' dir='ltr'><strong>iilius]</strong></span> <span class='ocrx_word' id='word_1_436' title='bbox 827 3012 986 3065; x_wconf 90' lang='lat' dir='ltr'><strong>Lombardus</strong></span> <span class='ocrx_word' id='word_1_437' title='bbox 999 3012 1042 3064; x_wconf 94' lang='lat' dir='ltr'><strong>lib.</strong></span> <span class='ocrx_word' id='word_1_438' title='bbox 1049 3011 1068 3063; x_wconf 89' lang='lat' dir='ltr'><strong>i.</strong></span> <span class='ocrx_word' id='word_1_439' title='bbox 1076 3012 1188 3065; x_wconf 83' lang='lat' dir='ltr'><strong>distinct.</strong></span> <span class='ocrx_word' id='word_1_440' title='bbox 1195 3011 1227 3066; x_wconf 87' lang='lat' dir='ltr'><strong>II.</strong></span> 
     </span>
     <span class='ocr_line' id='line_1_40' title="bbox 73 3082 1225 3155; baseline -0.003 -17"><span class='ocrx_word' id='word_1_441' title='bbox 73 3086 209 3138; x_wconf 81' lang='lat' dir='ltr'><strong>Teneamas</strong></span> <span class='ocrx_word' id='word_1_442' title='bbox 221 3096 335 3155; x_wconf 82' lang='lat' dir='ltr'><strong>patrem,</strong></span> <span class='ocrx_word' id='word_1_443' title='bbox 354 3096 376 3136; x_wconf 87' lang='lat' dir='ltr'><strong>et</strong></span> <span class='ocrx_word' id='word_1_444' title='bbox 388 3087 481 3154; x_wconf 71' lang='lat' dir='ltr'><strong>yt‘liruu,</strong></span> <span class='ocrx_word' id='word_1_445' title='bbox 500 3095 524 3135; x_wconf 84' lang='lat' dir='ltr'><strong>et</strong></span> <span class='ocrx_word' id='word_1_446' title='bbox 538 3090 655 3153; x_wconf 83' lang='lat' dir='ltr'><strong>spiritum</strong></span> <span class='ocrx_word' id='word_1_447' title='bbox 671 3093 797 3145; x_wconf 74' lang='lat' dir='ltr'><strong>sarnetum,</strong></span> <span class='ocrx_word' id='word_1_448' title='bbox 814 3101 886 3132; x_wconf 88' lang='lat' dir='ltr'><strong>anum</strong></span> <span class='ocrx_word' id='word_1_449' title='bbox 905 3099 957 3133; x_wconf 84' lang='lat' dir='ltr'><strong>esse</strong></span> <span class='ocrx_word' id='word_1_450' title='bbox 974 3082 1130 3132; x_wconf 79' lang='lat' dir='ltr'><strong>namrataer</strong></span> <span class='ocrx_word' id='word_1_451' title='bbox 1147 3083 1225 3135; x_wconf 85' lang='lat' dir='ltr'><strong>deum.</strong></span> 
     </span>
     <span class='ocr_line' id='line_1_41' title="bbox 69 3152 1227 3224; baseline -0.007 -16"><span class='ocrx_word' id='word_1_452' title='bbox 69 3155 157 3224; x_wconf 79' lang='lat' dir='ltr'><strong>Neque</strong></span> <span class='ocrx_word' id='word_1_453' title='bbox 170 3164 250 3206; x_wconf 80' lang='lat' dir='ltr'><strong>tamen</strong></span> <span class='ocrx_word' id='word_1_454' title='bbox 265 3159 343 3223; x_wconf 61' lang='lat' dir='ltr'><strong>eyn-snm</strong></span> <span class='ocrx_word' id='word_1_455' title='bbox 354 3163 453 3222; x_wconf 74' lang='lat' dir='ltr'><strong>piarem</strong></span> <span class='ocrx_word' id='word_1_456' title='bbox 468 3172 527 3215; x_wconf 79' lang='lat' dir='ltr'><strong>esse,</strong></span> <span class='ocrx_word' id='word_1_457' title='bbox 540 3156 659 3221; x_wconf 73' lang='lat' dir='ltr'><strong>qrrifilias</strong></span> <span class='ocrx_word' id='word_1_458' title='bbox 671 3162 720 3203; x_wconf 81' lang='lat' dir='ltr'><strong>est.-</strong></span> <span class='ocrx_word' id='word_1_459' title='bbox 733 3170 777 3202; x_wconf 73' lang='lat' dir='ltr'><strong>rire</strong></span> <span class='ocrx_word' id='word_1_460' title='bbox 789 3153 866 3214; x_wconf 73' lang='lat' dir='ltr'><strong>tilium</strong></span> <span class='ocrx_word' id='word_1_461' title='bbox 878 3154 1033 3219; x_wconf 70' lang='lat' dir='ltr'><strong>ipsumam,</strong></span> <span class='ocrx_word' id='word_1_462' title='bbox 1046 3152 1089 3218; x_wconf 86' lang='lat' dir='ltr'><strong>qui</strong></span> <span class='ocrx_word' id='word_1_463' title='bbox 1095 3158 1227 3218; x_wconf 72' lang='lat' dir='ltr'><strong>pretereat,</strong></span> 
     </span>
     <span class='ocr_line' id='line_1_42' title="bbox 69 3217 1229 3292; baseline -0.006 -17"><span class='ocrx_word' id='word_1_464' title='bbox 69 3242 114 3275; x_wconf 84' lang='lat' dir='ltr'><strong>aec</strong></span> <span class='ocrx_word' id='word_1_465' title='bbox 130 3227 247 3292; x_wconf 85' lang='lat' dir='ltr'><strong>spiritum</strong></span> <span class='ocrx_word' id='word_1_466' title='bbox 259 3232 371 3273; x_wconf 74' lang='lat' dir='ltr'><strong>stinctum</strong></span> <span class='ocrx_word' id='word_1_467' title='bbox 387 3227 464 3290; x_wconf 72' lang='lat' dir='ltr'><strong>r&#39;prsiun</strong></span> <span class='ocrx_word' id='word_1_468' title='bbox 478 3240 542 3284; x_wconf 80' lang='lat' dir='ltr'><strong>esse,</strong></span> <span class='ocrx_word' id='word_1_469' title='bbox 555 3227 597 3289; x_wconf 79' lang='lat' dir='ltr'><strong>pici</strong></span> <span class='ocrx_word' id='word_1_470' title='bbox 611 3231 687 3290; x_wconf 81' lang='lat' dir='ltr'><strong>pater</strong></span> <span class='ocrx_word' id='word_1_471' title='bbox 700 3221 821 3288; x_wconf 74' lang='lat' dir='ltr'><strong>autfilius</strong></span> <span class='ocrx_word' id='word_1_472' title='bbox 833 3228 876 3270; x_wconf 85' lang='lat' dir='ltr'><strong>est.</strong></span> <span class='ocrx_word' id='word_1_473' title='bbox 904 3217 959 3269; x_wconf 79' lang='lat' dir='ltr'><strong>L&#39;na</strong></span> <span class='ocrx_word' id='word_1_474' title='bbox 973 3228 1010 3269; x_wconf 88' lang='lat' dir='ltr'><strong>est</strong></span> <span class='ocrx_word' id='word_1_475' title='bbox 1021 3223 1082 3268; x_wconf 88' lang='lat' dir='ltr'><strong>enim</strong></span> <span class='ocrx_word' id='word_1_476' title='bbox 1091 3222 1191 3287; x_wconf 80' lang='lat' dir='ltr'><strong>patria,</strong></span> <span class='ocrx_word' id='word_1_477' title='bbox 1205 3228 1229 3269; x_wconf 86' lang='lat' dir='ltr'><strong>et</strong></span> 
     </span>
     <span class='ocr_line' id='line_1_43' title="bbox 63 3285 1228 3363; baseline -0.007 -19"><span class='ocrx_word' id='word_1_478' title='bbox 63 3294 125 3362; x_wconf 75' lang='lat' dir='ltr'><strong>filii,</strong></span> <span class='ocrx_word' id='word_1_479' title='bbox 138 3301 162 3343; x_wconf 84' lang='lat' dir='ltr'><strong>cl</strong></span> <span class='ocrx_word' id='word_1_480' title='bbox 173 3297 278 3363; x_wconf 80' lang='lat' dir='ltr'><strong>spiritus</strong></span> <span class='ocrx_word' id='word_1_481' title='bbox 290 3296 376 3342; x_wconf 81' lang='lat' dir='ltr'><strong>saneti</strong></span> <span class='ocrx_word' id='word_1_482' title='bbox 388 3295 506 3350; x_wconf 79' lang='lat' dir='ltr'><strong>essentia,</strong></span> <span class='ocrx_word' id='word_1_483' title='bbox 526 3309 597 3358; x_wconf 74' lang='lat' dir='ltr'><strong>perram</strong></span> <span class='ocrx_word' id='word_1_484' title='bbox 614 3292 711 3341; x_wconf 83' lang='lat' dir='ltr'><strong>Graeci</strong></span> <span class='ocrx_word' id='word_1_485' title='bbox 723 3285 854 3358; x_wconf 65' lang='lat' dir='ltr'><strong>innodatos</strong></span> <span class='ocrx_word' id='word_1_486' title='bbox 868 3289 1011 3356; x_wconf 85' lang='lat' dir='ltr'><strong>appellunt,</strong></span> <span class='ocrx_word' id='word_1_487' title='bbox 1028 3291 1054 3337; x_wconf 84' lang='lat' dir='ltr'><strong>ln</strong></span> <span class='ocrx_word' id='word_1_488' title='bbox 1070 3303 1119 3354; x_wconf 85' lang='lat' dir='ltr'><strong>qua</strong></span> <span class='ocrx_word' id='word_1_489' title='bbox 1132 3305 1179 3338; x_wconf 89' lang='lat' dir='ltr'><strong>non</strong></span> <span class='ocrx_word' id='word_1_490' title='bbox 1192 3295 1228 3336; x_wconf 87' lang='lat' dir='ltr'><strong>est</strong></span> 
     </span>
     <span class='ocr_line' id='line_1_44' title="bbox 70 3357 1226 3428; baseline -0.006 -16"><span class='ocrx_word' id='word_1_491' title='bbox 70 3362 144 3412; x_wconf 80' lang='lat' dir='ltr'><strong>aliud</strong></span> <span class='ocrx_word' id='word_1_492' title='bbox 172 3370 240 3422; x_wconf 81' lang='lat' dir='ltr'><strong>ater,</strong></span> <span class='ocrx_word' id='word_1_493' title='bbox 254 3361 414 3428; x_wconf 71' lang='lat' dir='ltr'><strong>aliudyilins,</strong></span> <span class='ocrx_word' id='word_1_494' title='bbox 427 3361 500 3410; x_wconf 72' lang='lat' dir='ltr'><strong>atina</strong></span> <span class='ocrx_word' id='word_1_495' title='bbox 510 3363 615 3427; x_wconf 72' lang='lat' dir='ltr'><strong>spiritus</strong></span> <span class='ocrx_word' id='word_1_496' title='bbox 626 3367 742 3419; x_wconf 59' lang='lat' dir='ltr'><strong>sancctum·</strong></span> <span class='ocrx_word' id='word_1_497' title='bbox 755 3361 868 3425; x_wconf 74' lang='lat' dir='ltr'><strong>quameie</strong></span> <span class='ocrx_word' id='word_1_498' title='bbox 879 3361 913 3407; x_wconf 84' lang='lat' dir='ltr'><strong>sit</strong></span> <span class='ocrx_word' id='word_1_499' title='bbox 919 3357 1090 3424; x_wconf 82' lang='lat' dir='ltr'><strong>personaliter</strong></span> <span class='ocrx_word' id='word_1_500' title='bbox 1103 3357 1169 3405; x_wconf 87' lang='lat' dir='ltr'><strong>aliun</strong></span> <span class='ocrx_word' id='word_1_501' title='bbox 1179 3373 1226 3423; x_wconf 87' lang='lat' dir='ltr'><strong>pa-</strong></span> 
     </span>
     <span class='ocr_line' id='line_1_45' title="bbox 71 3378 1226 3511; baseline -0.007 -31"><span class='ocrx_word' id='word_1_502' title='bbox 71 3437 120 3492; x_wconf 77' lang='lat' dir='ltr'><strong>ter,</strong></span> <span class='ocrx_word' id='word_1_503' title='bbox 133 3378 199 3479; x_wconf 58' lang='lat' dir='ltr'><strong>aliens</strong></span> <span class='ocrx_word' id='word_1_504' title='bbox 205 3431 288 3496; x_wconf 75' lang='lat' dir='ltr'><strong>filius,</strong></span> <span class='ocrx_word' id='word_1_505' title='bbox 302 3430 368 3478; x_wconf 83' lang='lat' dir='ltr'><strong>alins</strong></span> <span class='ocrx_word' id='word_1_506' title='bbox 379 3432 484 3511; x_wconf 80' lang='lat' dir='ltr'><strong>spiritua</strong></span> <span class='ocrx_word' id='word_1_507' title='bbox 496 3437 606 3478; x_wconf 76' lang='lat' dir='ltr'><strong>uarietas.</strong></span> <span class='ocrx_word' id='word_1_508' title='bbox 636 3427 774 3495; x_wconf 77' lang='lat' dir='ltr'><strong>Angustia.</strong></span> <span class='ocrx_word' id='word_1_509' title='bbox 792 3426 823 3477; x_wconf 84' lang='lat' dir='ltr'><strong>ad</strong></span> <span class='ocrx_word' id='word_1_510' title='bbox 836 3426 944 3477; x_wconf 83' lang='lat' dir='ltr'><strong>Maxim.</strong></span> <span class='ocrx_word' id='word_1_511' title='bbox 956 3424 1086 3475; x_wconf 80' lang='lat' dir='ltr'><strong>Medicum</strong></span> <span class='ocrx_word' id='word_1_512' title='bbox 1099 3423 1172 3491; x_wconf 76' lang='lat' dir='ltr'><strong>episi.</strong></span> <span class='ocrx_word' id='word_1_513' title='bbox 1185 3421 1226 3473; x_wconf 82' lang='lat'><strong>66.</strong></span> 
     </span>
     <span class='ocr_line' id='line_1_46' title="bbox 69 3488 1226 3566; baseline -0.01 -16"><span class='ocrx_word' id='word_1_514' title='bbox 69 3497 100 3550; x_wconf 89' lang='lat' dir='ltr'><strong>ds</strong></span> <span class='ocrx_word' id='word_1_515' title='bbox 117 3496 243 3566; x_wconf 85' lang='lat' dir='ltr'><strong>Tempore</strong></span> <span class='ocrx_word' id='word_1_516' title='bbox 261 3513 336 3549; x_wconf 91' lang='lat' dir='ltr'><strong>serm.</strong></span> <span class='ocrx_word' id='word_1_517' title='bbox 349 3496 495 3548; x_wconf 76' lang='lat' dir='ltr'><strong>xnxvtu.</strong></span> <span class='ocrx_word' id='word_1_518' title='bbox 519 3497 671 3547; x_wconf 86' lang='lat' dir='ltr'><strong>Anastasius</strong></span> <span class='ocrx_word' id='word_1_519' title='bbox 689 3494 720 3546; x_wconf 95' lang='lat' dir='ltr'><strong>de</strong></span> <span class='ocrx_word' id='word_1_520' title='bbox 733 3494 898 3560; x_wconf 66' lang='lat' dir='ltr'><strong>dogmatibus</strong></span> <span class='ocrx_word' id='word_1_521' title='bbox 911 3492 970 3544; x_wconf 91' lang='lat' dir='ltr'><strong>tidei</strong></span> <span class='ocrx_word' id='word_1_522' title='bbox 983 3493 1027 3544; x_wconf 88' lang='lat' dir='ltr'><strong>fol.</strong></span> <span class='ocrx_word' id='word_1_523' title='bbox 1042 3490 1099 3542; x_wconf 78' lang='lat'><strong>676.</strong></span> <span class='ocrx_word' id='word_1_524' title='bbox 1122 3488 1226 3541; x_wconf 77' lang='lat' dir='ltr'><strong>&#39;l&#39;ertuli</strong></span> 
     </span>
     <span class='ocr_line' id='line_1_47' title="bbox 70 3558 1227 3634; baseline -0.007 -16"><span class='ocrx_word' id='word_1_525' title='bbox 70 3565 193 3618; x_wconf 84' lang='lat' dir='ltr'><strong>adversus</strong></span> <span class='ocrx_word' id='word_1_526' title='bbox 206 3565 332 3616; x_wconf 82' lang='lat' dir='ltr'><strong>Praseaur</strong></span> <span class='ocrx_word' id='word_1_527' title='bbox 345 3583 401 3634; x_wconf 83' lang='lat' dir='ltr'><strong>cap.</strong></span> <span class='ocrx_word' id='word_1_528' title='bbox 415 3566 438 3618; x_wconf 69' lang='lat'><strong>⁶2.</strong></span> <span class='ocrx_word' id='word_1_529' title='bbox 458 3565 568 3616; x_wconf 90' lang='lat' dir='ltr'><strong>llilarius</strong></span> <span class='ocrx_word' id='word_1_530' title='bbox 585 3565 627 3616; x_wconf 91' lang='lat' dir='ltr'><strong>lib.</strong></span> <span class='ocrx_word' id='word_1_531' title='bbox 643 3564 664 3615; x_wconf 93' lang='lat' dir='ltr'><strong>l.</strong></span> <span class='ocrx_word' id='word_1_532' title='bbox 677 3563 708 3614; x_wconf 89' lang='lat' dir='ltr'><strong>de</strong></span> <span class='ocrx_word' id='word_1_533' title='bbox 721 3562 747 3614; x_wconf 86' lang='lat' dir='ltr'><strong>S.</strong></span> <span class='ocrx_word' id='word_1_534' title='bbox 760 3563 892 3614; x_wconf 83' lang='lat' dir='ltr'><strong>Trinitate.</strong></span> <span class='ocrx_word' id='word_1_535' title='bbox 919 3560 1068 3612; x_wconf 86' lang='lat' dir='ltr'><strong>Vincentius</strong></span> <span class='ocrx_word' id='word_1_536' title='bbox 1085 3558 1227 3610; x_wconf 83' lang='lat' dir='ltr'><strong>Lirinensis</strong></span> 
     </span>
     <span class='ocr_line' id='line_1_48' title="bbox 69 3632 365 3701; baseline -0.01 -15"><span class='ocrx_word' id='word_1_537' title='bbox 69 3632 101 3686; x_wconf 84' lang='lat' dir='ltr'><strong>ds</strong></span> <span class='ocrx_word' id='word_1_538' title='bbox 113 3633 210 3687; x_wconf 90' lang='lat' dir='ltr'><strong>haeres.</strong></span> <span class='ocrx_word' id='word_1_539' title='bbox 223 3650 278 3701; x_wconf 86' lang='lat' dir='ltr'><strong>rap.</strong></span> <span class='ocrx_word' id='word_1_540' title='bbox 291 3633 365 3685; x_wconf 83' lang='lat' dir='ltr'><strong>xlx.</strong></span> 
     </span>
    </p>

    <p class='ocr_par' dir='ltr' id='par_1_9' title="bbox 70 3694 1227 3912">
     <span class='ocr_line' id='line_1_49' title="bbox 121 3694 1227 3815; baseline -0.008 -61"><span class='ocrx_word' id='word_1_541' title='bbox 121 3702 184 3754; x_wconf 91' lang='lat' dir='ltr'><strong>alter</strong></span> <span class='ocrx_word' id='word_1_542' title='bbox 196 3704 222 3754; x_wconf 91' lang='lat' dir='ltr'><strong>in</strong></span> <span class='ocrx_word' id='word_1_543' title='bbox 234 3719 346 3772; x_wconf 88' lang='lat' dir='ltr'><strong>persona</strong></span> <span class='ocrx_word' id='word_1_544' title='bbox 364 3703 469 3770; x_wconf 90' lang='lat' dir='ltr'><strong>spiritus</strong></span> <span class='ocrx_word' id='word_1_545' title='bbox 489 3704 605 3767; x_wconf 90' lang='lat' dir='ltr'><strong>sauctus]</strong></span> <span class='ocrx_word' id='word_1_546' title='bbox 629 3701 724 3753; x_wconf 80' lang='lat' dir='ltr'><strong>Contra</strong></span> <span class='ocrx_word' id='word_1_547' title='bbox 736 3699 859 3752; x_wconf 85' lang='lat' dir='ltr'><strong>Urbicum</strong></span> <span class='ocrx_word' id='word_1_548' title='bbox 871 3697 1049 3758; x_wconf 91' lang='lat' dir='ltr'><strong>Potentinum‚</strong></span> <span class='ocrx_word' id='word_1_549' title='bbox 1069 3695 1112 3815; x_wconf 45' lang='lat' dir='ltr'><strong>{ui</strong></span> <span class='ocrx_word' id='word_1_550' title='bbox 1125 3694 1227 3746; x_wconf 86' lang='lat' dir='ltr'><strong>dicebat</strong></span> 
     </span>
     <span class='ocr_line' id='line_1_50' title="bbox 70 3761 1226 3840; baseline -0.008 -17"><span class='ocrx_word' id='word_1_551' title='bbox 70 3787 83 3823; x_wconf 86' lang='lat' dir='ltr'><strong>s</strong></span> <span class='ocrx_word' id='word_1_552' title='bbox 101 3770 189 3822; x_wconf 87' lang='lat' dir='ltr'><strong>iritum</strong></span> <span class='ocrx_word' id='word_1_553' title='bbox 201 3779 319 3822; x_wconf 88' lang='lat' dir='ltr'><strong>sanctum</strong></span> <span class='ocrx_word' id='word_1_554' title='bbox 333 3778 377 3820; x_wconf 88' lang='lat' dir='ltr'><strong>aut</strong></span> <span class='ocrx_word' id='word_1_555' title='bbox 390 3788 446 3822; x_wconf 91' lang='lat' dir='ltr'><strong>esse</strong></span> <span class='ocrx_word' id='word_1_556' title='bbox 465 3778 563 3840; x_wconf 68' lang='lat' dir='ltr'><strong>[intrem</strong></span> <span class='ocrx_word' id='word_1_557' title='bbox 581 3776 626 3822; x_wconf 89' lang='lat' dir='ltr'><strong>aut</strong></span> <span class='ocrx_word' id='word_1_558' title='bbox 643 3770 739 3833; x_wconf 90' lang='lat' dir='ltr'><strong>filium,</strong></span> <span class='ocrx_word' id='word_1_559' title='bbox 757 3776 801 3821; x_wconf 91' lang='lat' dir='ltr'><strong>aut</strong></span> <span class='ocrx_word' id='word_1_560' title='bbox 817 3773 883 3819; x_wconf 88' lang='lat' dir='ltr'><strong>certe</strong></span> <span class='ocrx_word' id='word_1_561' title='bbox 902 3772 1053 3817; x_wconf 87' lang='lat' dir='ltr'><strong>creaturam.</strong></span> <span class='ocrx_word' id='word_1_562' title='bbox 1093 3761 1226 3815; x_wconf 78' lang='lat' dir='ltr'><strong>tharrasius</strong></span> 
     </span>
     <span class='ocr_line' id='line_1_51' title="bbox 70 3787 1166 3912; baseline -0.005 -20"><span class='ocrx_word' id='word_1_563' title='bbox 70 3787 235 3893; x_wconf 79' lang='lat' dir='ltr'><strong>tilesandrin.</strong></span> <span class='ocrx_word' id='word_1_564' title='bbox 250 3840 362 3908; x_wconf 83' lang='lat' dir='ltr'><strong>episcop.</strong></span> <span class='ocrx_word' id='word_1_565' title='bbox 376 3846 437 3890; x_wconf 90' lang='lat' dir='ltr'><strong>tom.</strong></span> <span class='ocrx_word' id='word_1_566' title='bbox 450 3839 473 3890; x_wconf 68' lang='grc' dir='ltr'><strong>ἰ).</strong></span> <span class='ocrx_word' id='word_1_567' title='bbox 486 3840 530 3892; x_wconf 84' lang='lat' dir='ltr'><strong>tot.</strong></span> <span class='ocrx_word' id='word_1_568' title='bbox 543 3839 602 3890; x_wconf 73' lang='lat' dir='ltr'><strong>alt.</strong></span> <span class='ocrx_word' id='word_1_569' title='bbox 1161 3900 1166 3912; x_wconf 25' lang='grc' dir='ltr'>ἱ</span> 
     </span>
    </p>

    <p class='ocr_par' dir='ltr' id='par_1_10' title="bbox 70 3899 1227 4524">
     <span class='ocr_line' id='line_1_52' title="bbox 120 3899 1226 3973; baseline -0.008 -13"><span class='ocrx_word' id='word_1_570' title='bbox 120 3907 192 3960; x_wconf 91' lang='lat' dir='ltr'><strong>Unus</strong></span> <span class='ocrx_word' id='word_1_571' title='bbox 205 3914 299 3959; x_wconf 90' lang='lat' dir='ltr'><strong>natura</strong></span> <span class='ocrx_word' id='word_1_572' title='bbox 311 3909 336 3958; x_wconf 90' lang='lat' dir='ltr'><strong>in</strong></span> <span class='ocrx_word' id='word_1_573' title='bbox 350 3914 438 3958; x_wconf 88' lang='lat' dir='ltr'><strong>sancta</strong></span> <span class='ocrx_word' id='word_1_574' title='bbox 451 3909 563 3959; x_wconf 89' lang='lat' dir='ltr'><strong>trinitate</strong></span> <span class='ocrx_word' id='word_1_575' title='bbox 576 3908 639 3958; x_wconf 82' lang='lat' dir='ltr'><strong>deris</strong></span> <span class='ocrx_word' id='word_1_576' title='bbox 669 3909 734 3973; x_wconf 92' lang='lat' dir='ltr'><strong>ater]</strong></span> <span class='ocrx_word' id='word_1_577' title='bbox 767 3906 848 3956; x_wconf 88' lang='lat' dir='ltr'><strong>Autor</strong></span> <span class='ocrx_word' id='word_1_578' title='bbox 864 3903 894 3953; x_wconf 90' lang='lat' dir='ltr'><strong>de</strong></span> <span class='ocrx_word' id='word_1_579' title='bbox 911 3901 961 3953; x_wconf 87' lang='lat' dir='ltr'><strong>fide</strong></span> <span class='ocrx_word' id='word_1_580' title='bbox 974 3900 1007 3953; x_wconf 90' lang='lat' dir='ltr'><strong>ad</strong></span> <span class='ocrx_word' id='word_1_581' title='bbox 1019 3899 1123 3952; x_wconf 85' lang='lat' dir='ltr'><strong>Petrum</strong></span> <span class='ocrx_word' id='word_1_582' title='bbox 1135 3900 1226 3952; x_wconf 80' lang='lat' dir='ltr'><strong>Draco·</strong></span> 
     </span>
     <span class='ocr_line' id='line_1_53' title="bbox 70 3923 1227 4046; baseline -0.009 -18"><span class='ocrx_word' id='word_1_583' title='bbox 70 3992 133 4028; x_wconf 87' lang='lat' dir='ltr'><strong>num</strong></span> <span class='ocrx_word' id='word_1_584' title='bbox 150 3977 217 4045; x_wconf 87' lang='lat' dir='ltr'><strong>apud</strong></span> <span class='ocrx_word' id='word_1_585' title='bbox 237 3976 374 4044; x_wconf 76' lang='lat' dir='ltr'><strong>Augustini.</strong></span> <span class='ocrx_word' id='word_1_586' title='bbox 393 3983 454 4028; x_wconf 90' lang='lat' dir='ltr'><strong>tom.</strong></span> <span class='ocrx_word' id='word_1_587' title='bbox 468 3976 510 4027; x_wconf 91' lang='lat' dir='ltr'><strong>Ill.</strong></span> <span class='ocrx_word' id='word_1_588' title='bbox 529 3993 582 4046; x_wconf 89' lang='lat' dir='ltr'><strong>cap.</strong></span> <span class='ocrx_word' id='word_1_589' title='bbox 598 3976 615 4028; x_wconf 90' lang='lat' dir='ltr'><strong>l.</strong></span> <span class='ocrx_word' id='word_1_590' title='bbox 627 3923 671 4027; x_wconf 83' lang='lat' dir='ltr'><strong>toi.</strong></span> <span class='ocrx_word' id='word_1_591' title='bbox 688 3975 741 4025; x_wconf 62' lang='lat' dir='ltr'><strong>llil.</strong></span> <span class='ocrx_word' id='word_1_592' title='bbox 767 3973 949 4039; x_wconf 80' lang='lat' dir='ltr'><strong>Prc&#39;me&#39;paliter</strong></span> <span class='ocrx_word' id='word_1_593' title='bbox 967 3979 1040 4037; x_wconf 81' lang='lat' dir='ltr'><strong>atque</strong></span> <span class='ocrx_word' id='word_1_594' title='bbox 1057 3969 1227 4020; x_wconf 79' lang='lat' dir='ltr'><strong>indubitanter</strong></span> 
     </span>
     <span class='ocr_line' id='line_1_54' title="bbox 70 4039 1226 4113; baseline -0.007 -18"><span class='ocrx_word' id='word_1_595' title='bbox 70 4047 207 4096; x_wconf 82' lang='lat' dir='ltr'><strong>totocorde</strong></span> <span class='ocrx_word' id='word_1_596' title='bbox 220 4050 306 4105; x_wconf 83' lang='lat' dir='ltr'><strong>retine,</strong></span> <span class='ocrx_word' id='word_1_597' title='bbox 315 4054 417 4112; x_wconf 78' lang='lat' dir='ltr'><strong>patrem</strong></span> <span class='ocrx_word' id='word_1_598' title='bbox 430 4046 513 4106; x_wconf 72' lang='lat' dir='ltr'><strong>(laam,</strong></span> <span class='ocrx_word' id='word_1_599' title='bbox 520 4047 601 4113; x_wconf 77' lang='lat' dir='ltr'><strong>filium</strong></span> <span class='ocrx_word' id='word_1_600' title='bbox 615 4046 697 4104; x_wconf 78' lang='lat' dir='ltr'><strong>decent,</strong></span> <span class='ocrx_word' id='word_1_601' title='bbox 711 4051 735 4091; x_wconf 81' lang='lat' dir='ltr'><strong>et</strong></span> <span class='ocrx_word' id='word_1_602' title='bbox 745 4045 859 4110; x_wconf 77' lang='lat' dir='ltr'><strong>spiritum</strong></span> <span class='ocrx_word' id='word_1_603' title='bbox 871 4047 983 4089; x_wconf 73' lang='lat' dir='ltr'><strong>surrectum</strong></span> <span class='ocrx_word' id='word_1_604' title='bbox 993 4039 1071 4098; x_wconf 84' lang='lat' dir='ltr'><strong>deum,</strong></span> <span class='ocrx_word' id='word_1_605' title='bbox 1083 4039 1113 4088; x_wconf 79' lang='lat' dir='ltr'><strong>iel</strong></span> <span class='ocrx_word' id='word_1_606' title='bbox 1124 4045 1226 4088; x_wconf 79' lang='lat' dir='ltr'><strong>calsan-</strong></span> 
     </span>
     <span class='ocr_line' id='line_1_55' title="bbox 72 4103 1225 4192; baseline -0.005 -29"><span class='ocrx_word' id='word_1_607' title='bbox 72 4121 138 4164; x_wconf 87' lang='lat' dir='ltr'><strong>ctam</strong></span> <span class='ocrx_word' id='word_1_608' title='bbox 151 4122 223 4180; x_wconf 76' lang='lat' dir='ltr'><strong>atque</strong></span> <span class='ocrx_word' id='word_1_609' title='bbox 237 4113 387 4192; x_wconf 66' lang='lat' dir='ltr'><strong>ineffabilem</strong></span> <span class='ocrx_word' id='word_1_610' title='bbox 405 4116 542 4162; x_wconf 75' lang='lat' dir='ltr'><strong>trinitatem</strong></span> <span class='ocrx_word' id='word_1_611' title='bbox 560 4131 632 4162; x_wconf 76' lang='lat' dir='ltr'><strong>irritam</strong></span> <span class='ocrx_word' id='word_1_612' title='bbox 645 4129 696 4162; x_wconf 83' lang='lat' dir='ltr'><strong>essc</strong></span> <span class='ocrx_word' id='word_1_613' title='bbox 709 4109 862 4159; x_wconf 78' lang='lat' dir='ltr'><strong>natmaliter</strong></span> <span class='ocrx_word' id='word_1_614' title='bbox 875 4110 945 4159; x_wconf 83' lang='lat' dir='ltr'><strong>deam</strong></span> <span class='ocrx_word' id='word_1_615' title='bbox 959 4115 1004 4159; x_wconf 85' lang='lat' dir='ltr'><strong>etc.</strong></span> <span class='ocrx_word' id='word_1_616' title='bbox 1028 4103 1186 4158; x_wconf 81' lang='lat' dir='ltr'><strong>Athanasius</strong></span> <span class='ocrx_word' id='word_1_617' title='bbox 1198 4105 1225 4157; x_wconf 86' lang='lat' dir='ltr'><strong>in</strong></span> 
     </span>
     <span class='ocr_line' id='line_1_56' title="bbox 71 4173 1227 4250; baseline -0.007 -18"><span class='ocrx_word' id='word_1_618' title='bbox 71 4181 193 4250; x_wconf 75' lang='lat' dir='ltr'><strong>mecripto</strong></span> <span class='ocrx_word' id='word_1_619' title='bbox 207 4181 238 4232; x_wconf 91' lang='lat' dir='ltr'><strong>ad</strong></span> <span class='ocrx_word' id='word_1_620' title='bbox 251 4180 381 4231; x_wconf 78' lang='lat' dir='ltr'><strong>lnlreriuur</strong></span> <span class='ocrx_word' id='word_1_621' title='bbox 395 4179 441 4230; x_wconf 86' lang='lat' dir='ltr'><strong>l&#39;P.</strong></span> <span class='ocrx_word' id='word_1_622' title='bbox 454 4180 498 4232; x_wconf 87' lang='lat' dir='ltr'><strong>sol.</strong></span> <span class='ocrx_word' id='word_1_623' title='bbox 512 4180 568 4231; x_wconf 71' lang='grc'><strong>393.</strong></span> <span class='ocrx_word' id='word_1_624' title='bbox 587 4180 734 4246; x_wconf 83' lang='lat' dir='ltr'><strong>llieronym.</strong></span> <span class='ocrx_word' id='word_1_625' title='bbox 749 4180 779 4228; x_wconf 86' lang='lat' dir='ltr'><strong>de</strong></span> <span class='ocrx_word' id='word_1_626' title='bbox 792 4178 854 4239; x_wconf 81' lang='lat' dir='ltr'><strong>illia,</strong></span> <span class='ocrx_word' id='word_1_627' title='bbox 872 4194 935 4243; x_wconf 83' lang='lat' dir='ltr'><strong>qnae</strong></span> <span class='ocrx_word' id='word_1_628' title='bbox 953 4177 997 4225; x_wconf 88' lang='lat' dir='ltr'><strong>deo</strong></span> <span class='ocrx_word' id='word_1_629' title='bbox 1015 4178 1040 4224; x_wconf 83' lang='lat' dir='ltr'><strong>in</strong></span> <span class='ocrx_word' id='word_1_630' title='bbox 1052 4173 1077 4225; x_wconf 82' lang='lat' dir='ltr'><strong>S.</strong></span> <span class='ocrx_word' id='word_1_631' title='bbox 1090 4177 1227 4242; x_wconf 82' lang='lat' dir='ltr'><strong>scripturis</strong></span> 
     </span>
     <span class='ocr_line' id='line_1_57' title="bbox 72 4241 1226 4301; baseline -0.006 -1"><span class='ocrx_word' id='word_1_632' title='bbox 72 4251 222 4300; x_wconf 85' lang='lat' dir='ltr'><strong>tribuuntur.</strong></span> <span class='ocrx_word' id='word_1_633' title='bbox 240 4250 312 4301; x_wconf 81' lang='lat' dir='ltr'><strong>Toni.</strong></span> <span class='ocrx_word' id='word_1_634' title='bbox 326 4248 371 4301; x_wconf 81' lang='lat' dir='ltr'><strong>lli.</strong></span> <span class='ocrx_word' id='word_1_635' title='bbox 388 4248 432 4299; x_wconf 83' lang='lat' dir='ltr'><strong>iol.</strong></span> <span class='ocrx_word' id='word_1_636' title='bbox 446 4247 485 4297; x_wconf 78' lang='lat' dir='ltr'><strong>ut.</strong></span> <span class='ocrx_word' id='word_1_637' title='bbox 501 4247 621 4299; x_wconf 86' lang='lat' dir='ltr'><strong>Naziana.</strong></span> <span class='ocrx_word' id='word_1_638' title='bbox 640 4249 666 4298; x_wconf 90' lang='lat' dir='ltr'><strong>in</strong></span> <span class='ocrx_word' id='word_1_639' title='bbox 684 4245 786 4297; x_wconf 91' lang='lat' dir='ltr'><strong>laudern</strong></span> <span class='ocrx_word' id='word_1_640' title='bbox 803 4244 911 4297; x_wconf 76' lang='lat' dir='ltr'><strong>hieronis</strong></span> <span class='ocrx_word' id='word_1_641' title='bbox 933 4247 996 4294; x_wconf 86' lang='lat' dir='ltr'><strong>orat.</strong></span> <span class='ocrx_word' id='word_1_642' title='bbox 1012 4241 1110 4296; x_wconf 75' lang='lat' dir='ltr'><strong>xxtll.</strong></span> <span class='ocrx_word' id='word_1_643' title='bbox 1128 4241 1158 4293; x_wconf 96' lang='lat' dir='ltr'><strong>de</strong></span> <span class='ocrx_word' id='word_1_644' title='bbox 1175 4241 1226 4294; x_wconf 86' lang='lat' dir='ltr'><strong>fide</strong></span> 
     </span>
     <span class='ocr_line' id='line_1_58' title="bbox 72 4309 1225 4380; baseline -0.008 -11"><span class='ocrx_word' id='word_1_645' title='bbox 72 4322 135 4370; x_wconf 86' lang='lat' dir='ltr'><strong>orat.</strong></span> <span class='ocrx_word' id='word_1_646' title='bbox 148 4317 243 4370; x_wconf 84' lang='lat' dir='ltr'><strong>XLIX.</strong></span> <span class='ocrx_word' id='word_1_647' title='bbox 262 4318 397 4369; x_wconf 85' lang='lat' dir='ltr'><strong>Caesarius</strong></span> <span class='ocrx_word' id='word_1_648' title='bbox 411 4316 504 4380; x_wconf 69' lang='lat' dir='ltr'><strong>(lintea.</strong></span> <span class='ocrx_word' id='word_1_649' title='bbox 521 4317 540 4367; x_wconf 91' lang='lat' dir='ltr'><strong>l.</strong></span> <span class='ocrx_word' id='word_1_650' title='bbox 559 4317 734 4367; x_wconf 85' lang='lat' dir='ltr'><strong>Damascenus</strong></span> <span class='ocrx_word' id='word_1_651' title='bbox 752 4314 783 4364; x_wconf 92' lang='lat' dir='ltr'><strong>de</strong></span> <span class='ocrx_word' id='word_1_652' title='bbox 799 4313 850 4365; x_wconf 89' lang='lat' dir='ltr'><strong>iide</strong></span> <span class='ocrx_word' id='word_1_653' title='bbox 863 4311 1007 4364; x_wconf 86' lang='lat' dir='ltr'><strong>orthodoxa</strong></span> <span class='ocrx_word' id='word_1_654' title='bbox 1019 4312 1062 4362; x_wconf 93' lang='lat' dir='ltr'><strong>lib.</strong></span> <span class='ocrx_word' id='word_1_655' title='bbox 1078 4312 1098 4363; x_wconf 94' lang='lat' dir='ltr'><strong>l.</strong></span> <span class='ocrx_word' id='word_1_656' title='bbox 1111 4326 1166 4380; x_wconf 90' lang='lat' dir='ltr'><strong>cap.</strong></span> <span class='ocrx_word' id='word_1_657' title='bbox 1178 4309 1225 4361; x_wconf 82' lang='lat' dir='ltr'><strong>xl.</strong></span> 
     </span>
     <span class='ocr_line' id='line_1_59' title="bbox 71 4377 1225 4455; baseline -0.006 -17"><span class='ocrx_word' id='word_1_658' title='bbox 71 4384 184 4439; x_wconf 88' lang='lat' dir='ltr'><strong>Cerealis</strong></span> <span class='ocrx_word' id='word_1_659' title='bbox 196 4387 332 4455; x_wconf 88' lang='lat' dir='ltr'><strong>episcopus</strong></span> <span class='ocrx_word' id='word_1_660' title='bbox 345 4391 435 4436; x_wconf 89' lang='lat' dir='ltr'><strong>eontra</strong></span> <span class='ocrx_word' id='word_1_661' title='bbox 446 4385 619 4436; x_wconf 81' lang='lat' dir='ltr'><strong>Maximinum</strong></span> <span class='ocrx_word' id='word_1_662' title='bbox 631 4384 766 4435; x_wconf 90' lang='lat' dir='ltr'><strong>Arriannm</strong></span> <span class='ocrx_word' id='word_1_663' title='bbox 779 4399 834 4451; x_wconf 87' lang='lat' dir='ltr'><strong>cap.</strong></span> <span class='ocrx_word' id='word_1_664' title='bbox 844 4381 874 4433; x_wconf 86' lang='grc' dir='ltr'><strong>ΙΙ.</strong></span> <span class='ocrx_word' id='word_1_665' title='bbox 884 4380 983 4433; x_wconf 92' lang='lat' dir='ltr'><strong>Psellus</strong></span> <span class='ocrx_word' id='word_1_666' title='bbox 996 4381 1023 4432; x_wconf 90' lang='lat' dir='ltr'><strong>iu</strong></span> <span class='ocrx_word' id='word_1_667' title='bbox 1035 4397 1090 4449; x_wconf 89' lang='lat' dir='ltr'><strong>cap.</strong></span> <span class='ocrx_word' id='word_1_668' title='bbox 1100 4377 1225 4448; x_wconf 84' lang='lat' dir='ltr'><strong>Theolog.</strong></span> 
     </span>
     <span class='ocr_line' id='line_1_60' title="bbox 72 4450 738 4524; baseline -0.009 -17"><span class='ocrx_word' id='word_1_669' title='bbox 72 4469 128 4524; x_wconf 78' lang='lat' dir='ltr'><strong>cap.</strong></span> <span class='ocrx_word' id='word_1_670' title='bbox 140 4454 159 4506; x_wconf 90' lang='lat' dir='ltr'><strong>i.</strong></span> <span class='ocrx_word' id='word_1_671' title='bbox 177 4454 338 4522; x_wconf 83' lang='lat' dir='ltr'><strong>Augustinus</strong></span> <span class='ocrx_word' id='word_1_672' title='bbox 350 4454 381 4504; x_wconf 91' lang='lat' dir='ltr'><strong>de</strong></span> <span class='ocrx_word' id='word_1_673' title='bbox 393 4454 518 4522; x_wconf 84' lang='lat' dir='ltr'><strong>Tempore</strong></span> <span class='ocrx_word' id='word_1_674' title='bbox 530 4469 641 4505; x_wconf 87' lang='lat' dir='ltr'><strong>sermon.</strong></span> <span class='ocrx_word' id='word_1_675' title='bbox 654 4450 693 4503; x_wconf 77' lang='lat'><strong>38.</strong></span> <span class='ocrx_word' id='word_1_676' title='bbox 734 4465 738 4476; x_wconf 87' lang='lat'><em>·</em></span> 
     </span>
    </p>

    <p class='ocr_par' dir='ltr' id='par_1_11' title="bbox 71 4516 1226 4659">
     <span class='ocr_line' id='line_1_61' title="bbox 122 4516 1225 4592; baseline -0.005 -18"><span class='ocrx_word' id='word_1_677' title='bbox 122 4522 184 4592; x_wconf 85' lang='lat' dir='ltr'><strong>Cap.</strong></span> <span class='ocrx_word' id='word_1_678' title='bbox 196 4523 224 4575; x_wconf 93' lang='lat' dir='ltr'><strong>ll.</strong></span> <span class='ocrx_word' id='word_1_679' title='bbox 238 4522 339 4573; x_wconf 93' lang='lat' dir='ltr'><strong>-Non</strong></span> <span class='ocrx_word' id='word_1_680' title='bbox 357 4528 429 4590; x_wconf 88' lang='lat' dir='ltr'><strong>pater</strong></span> <span class='ocrx_word' id='word_1_681' title='bbox 446 4538 549 4572; x_wconf 88' lang='lat' dir='ltr'><strong>carnem</strong></span> <span class='ocrx_word' id='word_1_682' title='bbox 567 4520 717 4589; x_wconf 89' lang='lat' dir='ltr'><strong>assumpsit]</strong></span> <span class='ocrx_word' id='word_1_683' title='bbox 742 4518 837 4570; x_wconf 84' lang='lat' dir='ltr'><strong>Contra</strong></span> <span class='ocrx_word' id='word_1_684' title='bbox 850 4519 1059 4586; x_wconf 81' lang='lat' dir='ltr'><strong>Putripussianos</strong></span> <span class='ocrx_word' id='word_1_685' title='bbox 1071 4523 1097 4568; x_wconf 84' lang='lat' dir='ltr'><strong>et</strong></span> <span class='ocrx_word' id='word_1_686' title='bbox 1107 4516 1225 4569; x_wconf 87' lang='lat' dir='ltr'><strong>delirium</strong></span> 
     </span>
     <span class='ocr_line' id='line_1_62' title="bbox 71 4585 1226 4659; baseline -0.005 -15"><span class='ocrx_word' id='word_1_687' title='bbox 71 4590 201 4654; x_wconf 70' lang='lat' dir='ltr'><strong>Praxeae,</strong></span> <span class='ocrx_word' id='word_1_688' title='bbox 215 4592 258 4659; x_wconf 91' lang='lat' dir='ltr'><strong>qui</strong></span> <span class='ocrx_word' id='word_1_689' title='bbox 268 4591 369 4642; x_wconf 87' lang='lat' dir='ltr'><strong>dicebat</strong></span> <span class='ocrx_word' id='word_1_690' title='bbox 385 4597 484 4659; x_wconf 90' lang='lat' dir='ltr'><strong>patrem</strong></span> <span class='ocrx_word' id='word_1_691' title='bbox 497 4589 658 4641; x_wconf 84' lang='lat' dir='ltr'><strong>‹lesceudisse</strong></span> <span class='ocrx_word' id='word_1_692' title='bbox 671 4588 698 4640; x_wconf 85' lang='lat' dir='ltr'><strong>irt</strong></span> <span class='ocrx_word' id='word_1_693' title='bbox 708 4588 842 4656; x_wconf 75' lang='lat' dir='ltr'><strong>uirginem,</strong></span> <span class='ocrx_word' id='word_1_694' title='bbox 855 4588 939 4656; x_wconf 89' lang='lat' dir='ltr'><strong>ipsum</strong></span> <span class='ocrx_word' id='word_1_695' title='bbox 952 4603 1022 4639; x_wconf 89' lang='lat' dir='ltr'><strong>exea</strong></span> <span class='ocrx_word' id='word_1_696' title='bbox 1032 4594 1128 4650; x_wconf 87' lang='lat' dir='ltr'><strong>natum,</strong></span> <span class='ocrx_word' id='word_1_697' title='bbox 1141 4585 1226 4656; x_wconf 84' lang='lat' dir='ltr'><strong>ipsum</strong></span> 
     </span>
    </p>
   </div>
   <div class='ocr_carea' id='block_1_4' title="bbox 0 0 1529 5124">
    <p class='ocr_par' dir='ltr' id='par_1_12' title="bbox 0 0 1529 5124">
     <span class='ocr_line' id='line_1_63' title="bbox 0 0 1529 5124; baseline 0 0"><span class='ocrx_word' id='word_1_698' title='bbox 0 0 1529 5124; x_wconf 95' lang='lat' dir='ltr'><strong> </strong></span> 
     </span>
    </p>
   </div>
  </div>
 </body>
</html>
