<?xml version="1.0" encoding="UTF-8"?>
<!DOCTYPE html PUBLIC "-//W3C//DTD XHTML 1.0 Transitional//EN"
    "http://www.w3.org/TR/xhtml1/DTD/xhtml1-transitional.dtd">
<html xmlns="http://www.w3.org/1999/xhtml" xml:lang="en" lang="en">
 <head>
  <title>
</title>
<meta http-equiv="Content-Type" content="text/html;charset=utf-8" />
  <meta name='ocr-system' content='tesseract 3.04.00' />
  <meta name='ocr-capabilities' content='ocr_page ocr_carea ocr_par ocr_line ocrx_word'/>
</head>
<body>
  <div class='ocr_page' id='page_1' title='image "./corporishaerese02unkngoog_0359.png"; bbox 0 0 3046 5124; ppageno 0'>
   <div class='ocr_carea' id='block_1_1' title="bbox 276 356 1027 424">
    <p class='ocr_par' dir='ltr' id='par_1_1' title="bbox 276 356 1027 424">
     <span class='ocr_line' id='line_1_1' title="bbox 276 356 1027 424; baseline 0.004 -28"><span class='ocrx_word' id='word_1_1' title='bbox 276 358 338 424; x_wconf 66' lang='lat'><strong>340</strong></span> <span class='ocrx_word' id='word_1_2' title='bbox 681 356 821 398; x_wconf 70' lang='lat' dir='ltr'><strong>ecdurum</strong></span> <span class='ocrx_word' id='word_1_3' title='bbox 832 356 1027 399; x_wconf 65' lang='lat' dir='ltr'><strong>mmmm</strong></span> 
     </span>
    </p>
   </div>
   <div class='ocr_carea' id='block_1_2' title="bbox 117 511 1440 2547">
    <p class='ocr_par' dir='ltr' id='par_1_2' title="bbox 275 511 1436 699">
     <span class='ocr_line' id='line_1_2' title="bbox 276 511 1436 597; baseline 0.002 -22"><span class='ocrx_word' id='word_1_4' title='bbox 276 514 467 591; x_wconf 83' lang='lat' dir='ltr'><strong>moriuntur3</strong></span> <span class='ocrx_word' id='word_1_5' title='bbox 484 518 514 575; x_wconf 93' lang='lat' dir='ltr'><strong>ct</strong></span> <span class='ocrx_word' id='word_1_6' title='bbox 529 511 598 576; x_wconf 91' lang='lat' dir='ltr'><strong>ideo</strong></span> <span class='ocrx_word' id='word_1_7' title='bbox 615 533 672 575; x_wconf 91' lang='lat' dir='ltr'><strong>nec</strong></span> <span class='ocrx_word' id='word_1_8' title='bbox 687 516 807 577; x_wconf 86' lang='lat' dir='ltr'><strong>ratione</strong></span> <span class='ocrx_word' id='word_1_9' title='bbox 823 513 999 597; x_wconf 81' lang='lat' dir='ltr'><strong>³regnntur,</strong></span> <span class='ocrx_word' id='word_1_10' title='bbox 1015 516 1097 578; x_wconf 89' lang='lat' dir='ltr'><strong>sicut</strong></span> <span class='ocrx_word' id='word_1_11' title='bbox 1110 512 1201 579; x_wconf 87' lang='lat' dir='ltr'><strong>Plato</strong></span> <span class='ocrx_word' id='word_1_12' title='bbox 1217 520 1249 577; x_wconf 92' lang='lat' dir='ltr'><strong>ct</strong></span> <span class='ocrx_word' id='word_1_13' title='bbox 1264 514 1436 579; x_wconf 81' lang='lat' dir='ltr'>Alexander</span> 
     </span>
     <span class='ocr_line' id='line_1_3' title="bbox 275 600 1227 699; baseline 0.002 -22"><span class='ocrx_word' id='word_1_14' title='bbox 275 600 414 699; x_wconf 74' lang='lat' dir='ltr'><strong>⁴putaut&#39;,</strong></span> <span class='ocrx_word' id='word_1_15' title='bbox 431 613 486 677; x_wconf 92' lang='lat' dir='ltr'><strong>sed</strong></span> <span class='ocrx_word' id='word_1_16' title='bbox 503 615 542 678; x_wconf 89' lang='lat' dir='ltr'><strong>ad</strong></span> <span class='ocrx_word' id='word_1_17' title='bbox 558 618 662 678; x_wconf 89' lang='lat' dir='ltr'><strong>omnia</strong></span> <span class='ocrx_word' id='word_1_18' title='bbox 677 621 806 679; x_wconf 87' lang='lat' dir='ltr'><strong>naturae</strong></span> <span class='ocrx_word' id='word_1_19' title='bbox 821 617 1044 681; x_wconf 73' lang='lat' dir='ltr'><strong>⁵inciramcnt0</strong></span> <span class='ocrx_word' id='word_1_20' title='bbox 1060 616 1227 681; x_wconf 90' lang='lat' dir='ltr'><strong>ducuntur.</strong></span> 
     </span>
    </p>

    <p class='ocr_par' dir='ltr' id='par_1_3' title="bbox 117 711 1438 1108">
     <span class='ocr_line' id='line_1_4' title="bbox 117 711 1438 802; baseline -0.001 -20"><span class='ocrx_word' id='word_1_21' title='bbox 117 731 167 782; x_wconf 71' lang='lat' dir='ltr'><strong>Can·</strong></span> <span class='ocrx_word' id='word_1_22' title='bbox 181 731 257 772; x_wconf 63' lang='grc' dir='ltr'><strong>ΝΠ·</strong></span> <span class='ocrx_word' id='word_1_23' title='bbox 340 718 456 782; x_wconf 81' lang='lat' dir='ltr'><strong>Anima</strong></span> <span class='ocrx_word' id='word_1_24' title='bbox 470 717 607 780; x_wconf 84' lang='lat' dir='ltr'><strong>humana</strong></span> <span class='ocrx_word' id='word_1_25' title='bbox 622 738 684 781; x_wconf 94' lang='lat' dir='ltr'><strong>non</strong></span> <span class='ocrx_word' id='word_1_26' title='bbox 701 740 772 781; x_wconf 88' lang='lat' dir='ltr'><strong>cum</strong></span> <span class='ocrx_word' id='word_1_27' title='bbox 789 711 881 782; x_wconf 73' lang='lat' dir='ltr'><strong>came</strong></span> <span class='ocrx_word' id='word_1_28' title='bbox 895 720 1043 800; x_wconf 89' lang='lat' dir='ltr'><strong>moritur,</strong></span> <span class='ocrx_word' id='word_1_29' title='bbox 1064 719 1156 802; x_wconf 85' lang='lat' dir='ltr'><strong>¹quia</strong></span> <span class='ocrx_word' id='word_1_30' title='bbox 1170 740 1235 785; x_wconf 91' lang='lat' dir='ltr'><strong>non</strong></span> <span class='ocrx_word' id='word_1_31' title='bbox 1251 739 1325 783; x_wconf 91' lang='lat' dir='ltr'><strong>eum</strong></span> <span class='ocrx_word' id='word_1_32' title='bbox 1341 738 1438 797; x_wconf 83' lang='lat' dir='ltr'><strong>carne,</strong></span> 
     </span>
     <span class='ocr_line' id='line_1_5' title="bbox 274 818 1437 904; baseline 0.002 -21"><span class='ocrx_word' id='word_1_33' title='bbox 274 825 309 883; x_wconf 91' lang='lat' dir='ltr'><strong>ut</strong></span> <span class='ocrx_word' id='word_1_34' title='bbox 324 822 465 904; x_wconf 88' lang='lat' dir='ltr'><strong>superius</strong></span> <span class='ocrx_word' id='word_1_35' title='bbox 482 818 628 901; x_wconf 80' lang='lat' dir='ltr'><strong>diximus,</strong></span> <span class='ocrx_word' id='word_1_36' title='bbox 644 823 830 902; x_wconf 87' lang='lat' dir='ltr'><strong>seminatur,</strong></span> <span class='ocrx_word' id='word_1_37' title='bbox 851 820 907 885; x_wconf 89' lang='lat' dir='ltr'><strong>sed</strong></span> <span class='ocrx_word' id='word_1_38' title='bbox 923 822 1056 886; x_wconf 82' lang='lat' dir='ltr'><strong>formato</strong></span> <span class='ocrx_word' id='word_1_39' title='bbox 1070 824 1105 885; x_wconf 89' lang='lat' dir='ltr'><strong>in</strong></span> <span class='ocrx_word' id='word_1_40' title='bbox 1118 828 1230 885; x_wconf 85' lang='lat' dir='ltr'><strong>ventre</strong></span> <span class='ocrx_word' id='word_1_41' title='bbox 1245 822 1359 885; x_wconf 90' lang='lat' dir='ltr'><strong>matris</strong></span> <span class='ocrx_word' id='word_1_42' title='bbox 1374 843 1437 885; x_wconf 90' lang='lat' dir='ltr'><strong>cor-</strong></span> 
     </span>
     <span class='ocr_line' id='line_1_6' title="bbox 274 922 1438 1006; baseline 0.002 -21"><span class='ocrx_word' id='word_1_43' title='bbox 274 944 348 1006; x_wconf 88' lang='lat' dir='ltr'><strong>poro</strong></span> <span class='ocrx_word' id='word_1_44' title='bbox 365 922 413 985; x_wconf 90' lang='lat' dir='ltr'><strong>dei</strong></span> <span class='ocrx_word' id='word_1_45' title='bbox 429 922 543 986; x_wconf 90' lang='lat' dir='ltr'><strong>iudicio</strong></span> <span class='ocrx_word' id='word_1_46' title='bbox 560 928 682 985; x_wconf 87' lang='lat' dir='ltr'><strong>creatur</strong></span> <span class='ocrx_word' id='word_1_47' title='bbox 697 929 728 985; x_wconf 87' lang='lat' dir='ltr'><strong>et</strong></span> <span class='ocrx_word' id='word_1_48' title='bbox 742 922 928 1006; x_wconf 73' lang='lat' dir='ltr'><strong>infunditur,</strong></span> <span class='ocrx_word' id='word_1_49' title='bbox 942 930 978 987; x_wconf 91' lang='lat' dir='ltr'><strong>ut</strong></span> <span class='ocrx_word' id='word_1_50' title='bbox 991 926 1078 988; x_wconf 81' lang='lat' dir='ltr'><strong>vivat</strong></span> <span class='ocrx_word' id='word_1_51' title='bbox 1092 922 1185 989; x_wconf 92' lang='lat' dir='ltr'><strong>homo</strong></span> <span class='ocrx_word' id='word_1_52' title='bbox 1197 926 1287 989; x_wconf 84' lang='lat' dir='ltr'><strong>intus</strong></span> <span class='ocrx_word' id='word_1_53' title='bbox 1298 926 1332 987; x_wconf 94' lang='lat' dir='ltr'><strong>in</strong></span> <span class='ocrx_word' id='word_1_54' title='bbox 1343 930 1438 1003; x_wconf 89' lang='lat' dir='ltr'><strong>utero,</strong></span> 
     </span>
     <span class='ocr_line' id='line_1_7' title="bbox 275 1023 931 1108; baseline 0.005 -21"><span class='ocrx_word' id='word_1_55' title='bbox 275 1030 306 1088; x_wconf 89' lang='lat' dir='ltr'><strong>et</strong></span> <span class='ocrx_word' id='word_1_56' title='bbox 322 1027 366 1087; x_wconf 92' lang='lat' dir='ltr'><strong>sic</strong></span> <span class='ocrx_word' id='word_1_57' title='bbox 382 1023 530 1108; x_wconf 87' lang='lat' dir='ltr'><strong>procedat</strong></span> <span class='ocrx_word' id='word_1_58' title='bbox 544 1026 707 1087; x_wconf 87' lang='lat' dir='ltr'><strong>nativitate</strong></span> <span class='ocrx_word' id='word_1_59' title='bbox 723 1026 756 1087; x_wconf 94' lang='lat' dir='ltr'><strong>in</strong></span> <span class='ocrx_word' id='word_1_60' title='bbox 771 1025 931 1091; x_wconf 91' lang='lat' dir='ltr'><strong>mundum.</strong></span> 
     </span>
    </p>

    <p class='ocr_par' dir='ltr' id='par_1_4' title="bbox 137 1127 1440 1499">
     <span class='ocr_line' id='line_1_8' title="bbox 137 1127 1438 1210; baseline 0 -19"><span class='ocrx_word' id='word_1_61' title='bbox 137 1142 188 1191; x_wconf 70' lang='lat' dir='ltr'><strong>Can·</strong></span> <span class='ocrx_word' id='word_1_62' title='bbox 201 1142 256 1183; x_wconf 79' lang='lat' dir='ltr'><strong>xrs.</strong></span> <span class='ocrx_word' id='word_1_63' title='bbox 337 1127 467 1191; x_wconf 89' lang='lat' dir='ltr'><strong>Duabus</strong></span> <span class='ocrx_word' id='word_1_64' title='bbox 483 1127 667 1190; x_wconf 73' lang='lat' dir='ltr'><strong>substantiis</strong></span> <span class='ocrx_word' id='word_1_65' title='bbox 682 1133 806 1191; x_wconf 85' lang='lat' dir='ltr'><strong>tantum</strong></span> <span class='ocrx_word' id='word_1_66' title='bbox 822 1134 944 1191; x_wconf 86' lang='lat' dir='ltr'><strong>constat</strong></span> <span class='ocrx_word' id='word_1_67' title='bbox 954 1128 1055 1210; x_wconf 88' lang='lat' dir='ltr'><strong>homo,</strong></span> <span class='ocrx_word' id='word_1_68' title='bbox 1071 1130 1177 1193; x_wconf 90' lang='lat' dir='ltr'><strong>anima</strong></span> <span class='ocrx_word' id='word_1_69' title='bbox 1188 1135 1221 1193; x_wconf 89' lang='lat' dir='ltr'><strong>ct</strong></span> <span class='ocrx_word' id='word_1_70' title='bbox 1235 1129 1362 1209; x_wconf 84' lang='lat' dir='ltr'><strong>¹earne,</strong></span> <span class='ocrx_word' id='word_1_71' title='bbox 1376 1130 1438 1192; x_wconf 88' lang='lat' dir='ltr'><strong>ani·</strong></span> 
     </span>
     <span class='ocr_line' id='line_1_9' title="bbox 273 1228 1438 1310; baseline -0.002 -15"><span class='ocrx_word' id='word_1_72' title='bbox 273 1252 326 1295; x_wconf 85' lang='lat' dir='ltr'><strong>ma</strong></span> <span class='ocrx_word' id='word_1_73' title='bbox 342 1250 413 1293; x_wconf 92' lang='lat' dir='ltr'><strong>cum</strong></span> <span class='ocrx_word' id='word_1_74' title='bbox 428 1231 547 1293; x_wconf 87' lang='lat' dir='ltr'><strong>ratione</strong></span> <span class='ocrx_word' id='word_1_75' title='bbox 564 1249 635 1310; x_wconf 89' lang='lat' dir='ltr'><strong>sua,</strong></span> <span class='ocrx_word' id='word_1_76' title='bbox 659 1235 690 1292; x_wconf 87' lang='lat' dir='ltr'><strong>ct</strong></span> <span class='ocrx_word' id='word_1_77' title='bbox 704 1228 815 1293; x_wconf 72' lang='lat' dir='ltr'><strong>²earne</strong></span> <span class='ocrx_word' id='word_1_78' title='bbox 836 1250 908 1293; x_wconf 91' lang='lat' dir='ltr'><strong>cum</strong></span> <span class='ocrx_word' id='word_1_79' title='bbox 929 1230 1074 1295; x_wconf 83' lang='lat' dir='ltr'><strong>sensibus</strong></span> <span class='ocrx_word' id='word_1_80' title='bbox 1095 1230 1190 1295; x_wconf 89' lang='lat' dir='ltr'><strong>³suis.</strong></span> <span class='ocrx_word' id='word_1_81' title='bbox 1229 1232 1316 1309; x_wconf 84' lang='lat' dir='ltr'><strong>Quos</strong></span> <span class='ocrx_word' id='word_1_82' title='bbox 1337 1238 1438 1295; x_wconf 81' lang='lat' dir='ltr'><strong>tannen</strong></span> 
     </span>
     <span class='ocr_line' id='line_1_10' title="bbox 275 1333 1440 1416; baseline -0.001 -19"><span class='ocrx_word' id='word_1_83' title='bbox 275 1353 385 1397; x_wconf 87' lang='lat' dir='ltr'><strong>sensus</strong></span> <span class='ocrx_word' id='word_1_84' title='bbox 401 1333 518 1416; x_wconf 85' lang='lat' dir='ltr'><strong>absque</strong></span> <span class='ocrx_word' id='word_1_85' title='bbox 534 1334 656 1395; x_wconf 83' lang='lat' dir='ltr'><strong>animae</strong></span> <span class='ocrx_word' id='word_1_86' title='bbox 672 1335 821 1395; x_wconf 88' lang='lat' dir='ltr'><strong>societate</strong></span> <span class='ocrx_word' id='word_1_87' title='bbox 842 1353 906 1396; x_wconf 92' lang='lat' dir='ltr'><strong>non</strong></span> <span class='ocrx_word' id='word_1_88' title='bbox 925 1339 1030 1396; x_wconf 82' lang='lat' dir='ltr'><strong>moret</strong></span> <span class='ocrx_word' id='word_1_89' title='bbox 1047 1333 1148 1398; x_wconf 85' lang='lat' dir='ltr'><strong>⁴caro.</strong></span> <span class='ocrx_word' id='word_1_90' title='bbox 1184 1335 1305 1399; x_wconf 88' lang='lat' dir='ltr'><strong>Anima</strong></span> <span class='ocrx_word' id='word_1_91' title='bbox 1323 1354 1398 1399; x_wconf 87' lang='lat' dir='ltr'><strong>vero</strong></span> <span class='ocrx_word' id='word_1_92' title='bbox 1412 1340 1440 1397; x_wconf 89' lang='lat' dir='ltr'><strong>et</strong></span> 
     </span>
     <span class='ocr_line' id='line_1_11' title="bbox 276 1434 871 1499; baseline -0.003 -1"><span class='ocrx_word' id='word_1_93' title='bbox 276 1438 343 1499; x_wconf 90' lang='lat' dir='ltr'><strong>sinc</strong></span> <span class='ocrx_word' id='word_1_94' title='bbox 359 1435 471 1497; x_wconf 77' lang='lat' dir='ltr'><strong>⁵car·ne</strong></span> <span class='ocrx_word' id='word_1_95' title='bbox 487 1434 653 1499; x_wconf 76' lang='lat' dir='ltr'><strong>⁶rationale</strong></span> <span class='ocrx_word' id='word_1_96' title='bbox 670 1456 760 1499; x_wconf 88' lang='lat' dir='ltr'><strong>suurn</strong></span> <span class='ocrx_word' id='word_1_97' title='bbox 775 1441 871 1498; x_wconf 91' lang='lat' dir='ltr'><strong>tenet.</strong></span> 
     </span>
    </p>

    <p class='ocr_par' dir='ltr' id='par_1_5' title="bbox 149 1537 1439 2135">
     <span class='ocr_line' id='line_1_12' title="bbox 149 1537 1438 1623; baseline 0 -21"><span class='ocrx_word' id='word_1_98' title='bbox 149 1552 198 1602; x_wconf 68' lang='lat' dir='ltr'><strong>cau.</strong></span> <span class='ocrx_word' id='word_1_99' title='bbox 212 1554 258 1593; x_wconf 77' lang='lat' dir='ltr'><strong>xx.</strong></span> <span class='ocrx_word' id='word_1_100' title='bbox 339 1538 408 1601; x_wconf 81' lang='lat' dir='ltr'><strong>Non</strong></span> <span class='ocrx_word' id='word_1_101' title='bbox 425 1544 473 1599; x_wconf 87' lang='lat' dir='ltr'><strong>est</strong></span> <span class='ocrx_word' id='word_1_102' title='bbox 486 1540 597 1600; x_wconf 89' lang='lat' dir='ltr'><strong>tertius</strong></span> <span class='ocrx_word' id='word_1_103' title='bbox 613 1539 646 1600; x_wconf 94' lang='lat' dir='ltr'><strong>in</strong></span> <span class='ocrx_word' id='word_1_104' title='bbox 667 1537 844 1602; x_wconf 86' lang='lat' dir='ltr'><strong>substantia</strong></span> <span class='ocrx_word' id='word_1_105' title='bbox 863 1537 1000 1601; x_wconf 90' lang='lat' dir='ltr'><strong>hominis</strong></span> <span class='ocrx_word' id='word_1_106' title='bbox 1021 1538 1164 1621; x_wconf 87' lang='lat' dir='ltr'><strong>spiritus,</strong></span> <span class='ocrx_word' id='word_1_107' title='bbox 1187 1540 1273 1604; x_wconf 84' lang='lat' dir='ltr'><strong>sicut</strong></span> <span class='ocrx_word' id='word_1_108' title='bbox 1286 1538 1438 1623; x_wconf 79' lang='lat' dir='ltr'><strong>Didymus</strong></span> 
     </span>
     <span class='ocr_line' id='line_1_13' title="bbox 277 1638 1438 1728; baseline 0.001 -24"><span class='ocrx_word' id='word_1_109' title='bbox 277 1639 447 1720; x_wconf 74' lang='lat' dir='ltr'><strong>contendit,</strong></span> <span class='ocrx_word' id='word_1_110' title='bbox 463 1638 519 1703; x_wconf 89' lang='lat' dir='ltr'><strong>sod</strong></span> <span class='ocrx_word' id='word_1_111' title='bbox 534 1640 662 1724; x_wconf 90' lang='lat' dir='ltr'><strong>spiritus</strong></span> <span class='ocrx_word' id='word_1_112' title='bbox 678 1642 747 1723; x_wconf 86' lang='lat' dir='ltr'><strong>ipsa</strong></span> <span class='ocrx_word' id='word_1_113' title='bbox 762 1645 811 1703; x_wconf 90' lang='lat' dir='ltr'><strong>est</strong></span> <span class='ocrx_word' id='word_1_114' title='bbox 825 1643 945 1721; x_wconf 87' lang='lat' dir='ltr'><strong>anima,</strong></span> <span class='ocrx_word' id='word_1_115' title='bbox 964 1660 1019 1724; x_wconf 92' lang='lat' dir='ltr'><strong>pro</strong></span> <span class='ocrx_word' id='word_1_116' title='bbox 1040 1639 1171 1725; x_wconf 90' lang='lat' dir='ltr'><strong>spiritali</strong></span> <span class='ocrx_word' id='word_1_117' title='bbox 1192 1646 1309 1705; x_wconf 86' lang='lat' dir='ltr'><strong>natura</strong></span> <span class='ocrx_word' id='word_1_118' title='bbox 1322 1642 1373 1706; x_wconf 87' lang='lat' dir='ltr'><strong>vel</strong></span> <span class='ocrx_word' id='word_1_119' title='bbox 1389 1662 1438 1728; x_wconf 89' lang='lat' dir='ltr'><strong>pro</strong></span> 
     </span>
     <span class='ocr_line' id='line_1_14' title="bbox 277 1741 1438 1827; baseline 0.002 -22"><span class='ocrx_word' id='word_1_120' title='bbox 277 1764 312 1806; x_wconf 90' lang='lat' dir='ltr'><strong>cc</strong></span> <span class='ocrx_word' id='word_1_121' title='bbox 329 1742 410 1826; x_wconf 92' lang='lat' dir='ltr'><strong>quod</strong></span> <span class='ocrx_word' id='word_1_122' title='bbox 433 1744 530 1825; x_wconf 83' lang='lat' dir='ltr'><strong>spiret</strong></span> <span class='ocrx_word' id='word_1_123' title='bbox 550 1744 583 1806; x_wconf 90' lang='lat' dir='ltr'><strong>in</strong></span> <span class='ocrx_word' id='word_1_124' title='bbox 604 1762 731 1826; x_wconf 90' lang='lat' dir='ltr'><strong>corpore</strong></span> <span class='ocrx_word' id='word_1_125' title='bbox 747 1743 876 1827; x_wconf 90' lang='lat' dir='ltr'><strong>spiritus</strong></span> <span class='ocrx_word' id='word_1_126' title='bbox 892 1741 1097 1827; x_wconf 79' lang='lat' dir='ltr'><strong>¹appollatus.</strong></span> <span class='ocrx_word' id='word_1_127' title='bbox 1121 1743 1238 1807; x_wconf 84' lang='lat' dir='ltr'><strong>Anima</strong></span> <span class='ocrx_word' id='word_1_128' title='bbox 1257 1763 1333 1808; x_wconf 86' lang='lat' dir='ltr'><strong>vero</strong></span> <span class='ocrx_word' id='word_1_129' title='bbox 1355 1764 1392 1807; x_wconf 83' lang='lat' dir='ltr'><strong>ex</strong></span> <span class='ocrx_word' id='word_1_130' title='bbox 1407 1764 1438 1807; x_wconf 90' lang='lat' dir='ltr'><strong>eo</strong></span> 
     </span>
     <span class='ocr_line' id='line_1_15' title="bbox 275 1844 1437 1931; baseline 0 -23"><span class='ocrx_word' id='word_1_131' title='bbox 275 1851 403 1908; x_wconf 85' lang='lat' dir='ltr'><strong>vocatur</strong></span> <span class='ocrx_word' id='word_1_132' title='bbox 430 1844 511 1928; x_wconf 91' lang='lat' dir='ltr'><strong>quod</strong></span> <span class='ocrx_word' id='word_1_133' title='bbox 537 1844 576 1907; x_wconf 91' lang='lat' dir='ltr'><strong>ad</strong></span> <span class='ocrx_word' id='word_1_134' title='bbox 596 1845 765 1908; x_wconf 86' lang='lat' dir='ltr'><strong>vivendum</strong></span> <span class='ocrx_word' id='word_1_135' title='bbox 787 1844 838 1908; x_wconf 87' lang='lat' dir='ltr'><strong>vel</strong></span> <span class='ocrx_word' id='word_1_136' title='bbox 860 1844 899 1907; x_wconf 86' lang='lat' dir='ltr'><strong>ad</strong></span> <span class='ocrx_word' id='word_1_137' title='bbox 926 1844 1151 1908; x_wconf 66' lang='lat' dir='ltr'><strong>vilificandum</strong></span> <span class='ocrx_word' id='word_1_138' title='bbox 1172 1847 1296 1909; x_wconf 86' lang='lat' dir='ltr'><strong>animet</strong></span> <span class='ocrx_word' id='word_1_139' title='bbox 1321 1866 1437 1931; x_wconf 78' lang='lat' dir='ltr'><strong>eorpus.</strong></span> 
     </span>
     <span class='ocr_line' id='line_1_16' title="bbox 276 1945 1439 2033; baseline 0.002 -22"><span class='ocrx_word' id='word_1_140' title='bbox 276 1945 435 2011; x_wconf 82' lang='lat' dir='ltr'><strong>²Tertinm</strong></span> <span class='ocrx_word' id='word_1_141' title='bbox 451 1968 522 2011; x_wconf 89' lang='lat' dir='ltr'><strong>vero</strong></span> <span class='ocrx_word' id='word_1_142' title='bbox 539 1947 593 2030; x_wconf 89' lang='lat' dir='ltr'><strong>qui</strong></span> <span class='ocrx_word' id='word_1_143' title='bbox 614 1948 653 2011; x_wconf 88' lang='lat' dir='ltr'><strong>ab</strong></span> <span class='ocrx_word' id='word_1_144' title='bbox 674 1945 831 2031; x_wconf 85' lang='lat' dir='ltr'><strong>³apcstolo</strong></span> <span class='ocrx_word' id='word_1_145' title='bbox 853 1967 925 2010; x_wconf 91' lang='lat' dir='ltr'><strong>cum</strong></span> <span class='ocrx_word' id='word_1_146' title='bbox 947 1948 1051 2010; x_wconf 86' lang='lat' dir='ltr'><strong>anima</strong></span> <span class='ocrx_word' id='word_1_147' title='bbox 1069 1952 1103 2010; x_wconf 87' lang='lat' dir='ltr'><strong>ot</strong></span> <span class='ocrx_word' id='word_1_148' title='bbox 1122 1968 1251 2033; x_wconf 91' lang='lat' dir='ltr'><strong>corpore</strong></span> <span class='ocrx_word' id='word_1_149' title='bbox 1272 1949 1439 2029; x_wconf 81' lang='lat' dir='ltr'><strong>inducitur,</strong></span> 
     </span>
     <span class='ocr_line' id='line_1_17' title="bbox 275 2048 1439 2135; baseline 0.002 -24"><span class='ocrx_word' id='word_1_150' title='bbox 275 2049 439 2135; x_wconf 82' lang='lat' dir='ltr'><strong>⁴spiritum</strong></span> <span class='ocrx_word' id='word_1_151' title='bbox 462 2052 594 2132; x_wconf 84' lang='lat' dir='ltr'><strong>gratiam</strong></span> <span class='ocrx_word' id='word_1_152' title='bbox 616 2050 737 2112; x_wconf 81' lang='lat' dir='ltr'><strong>⁵sancti</strong></span> <span class='ocrx_word' id='word_1_153' title='bbox 761 2051 889 2134; x_wconf 87' lang='lat' dir='ltr'><strong>spiritus</strong></span> <span class='ocrx_word' id='word_1_154' title='bbox 914 2069 983 2112; x_wconf 88' lang='lat' dir='ltr'><strong>esse</strong></span> <span class='ocrx_word' id='word_1_155' title='bbox 1007 2048 1235 2131; x_wconf 79' lang='lat' dir='ltr'><strong>intelligamus,</strong></span> <span class='ocrx_word' id='word_1_156' title='bbox 1258 2070 1356 2133; x_wconf 89' lang='lat' dir='ltr'><strong>quam</strong></span> <span class='ocrx_word' id='word_1_157' title='bbox 1377 2060 1439 2115; x_wconf 87' lang='lat' dir='ltr'><strong>orat</strong></span> 
     </span>
    </p>

    <p class='ocr_par' dir='ltr' id='par_1_6' title="bbox 247 2151 1437 2341">
     <span class='ocr_line' id='line_1_18' title="bbox 247 2151 1437 2235; baseline 0.003 -21"><span class='ocrx_word' id='word_1_158' title='bbox 247 2154 250 2161; x_wconf 90' lang='lat'>&#39;</span> <span class='ocrx_word' id='word_1_159' title='bbox 276 2152 433 2235; x_wconf 86' lang='lat' dir='ltr'><strong>apostolus</strong></span> <span class='ocrx_word' id='word_1_160' title='bbox 453 2157 489 2215; x_wconf 92' lang='lat' dir='ltr'><strong>ut</strong></span> <span class='ocrx_word' id='word_1_161' title='bbox 506 2155 628 2235; x_wconf 81' lang='lat' dir='ltr'><strong>integra</strong></span> <span class='ocrx_word' id='word_1_162' title='bbox 649 2158 829 2235; x_wconf 73' lang='lat' dir='ltr'><strong>perseveret</strong></span> <span class='ocrx_word' id='word_1_163' title='bbox 847 2154 880 2214; x_wconf 93' lang='lat' dir='ltr'><strong>in</strong></span> <span class='ocrx_word' id='word_1_164' title='bbox 899 2151 1007 2233; x_wconf 90' lang='lat' dir='ltr'><strong>nobis,</strong></span> <span class='ocrx_word' id='word_1_165' title='bbox 1027 2172 1067 2215; x_wconf 89' lang='lat' dir='ltr'><strong>ne</strong></span> <span class='ocrx_word' id='word_1_166' title='bbox 1087 2157 1195 2217; x_wconf 91' lang='lat' dir='ltr'><strong>nostro</strong></span> <span class='ocrx_word' id='word_1_167' title='bbox 1215 2154 1293 2217; x_wconf 87' lang='lat' dir='ltr'><strong>vitio</strong></span> <span class='ocrx_word' id='word_1_168' title='bbox 1313 2159 1370 2218; x_wconf 86' lang='lat' dir='ltr'><strong>aut</strong></span> <span class='ocrx_word' id='word_1_169' title='bbox 1383 2156 1437 2218; x_wconf 92' lang='lat' dir='ltr'><strong>mi·</strong></span> 
     </span>
     <span class='ocr_line' id='line_1_19' title="bbox 275 2251 1419 2341; baseline 0.002 -24"><span class='ocrx_word' id='word_1_170' title='bbox 275 2260 389 2319; x_wconf 84' lang='lat' dir='ltr'><strong>nuatur</strong></span> <span class='ocrx_word' id='word_1_171' title='bbox 405 2261 457 2318; x_wconf 87' lang='lat' dir='ltr'><strong>aut</strong></span> <span class='ocrx_word' id='word_1_172' title='bbox 472 2256 596 2337; x_wconf 84' lang='lat' dir='ltr'><strong>fugetur</strong></span> <span class='ocrx_word' id='word_1_173' title='bbox 610 2277 629 2317; x_wconf 87' lang='lat' dir='ltr'><strong>a</strong></span> <span class='ocrx_word' id='word_1_174' title='bbox 644 2254 745 2336; x_wconf 90' lang='lat' dir='ltr'><strong>nobis,</strong></span> <span class='ocrx_word' id='word_1_175' title='bbox 761 2257 834 2337; x_wconf 89' lang='lat' dir='ltr'><strong>quia</strong></span> <span class='ocrx_word' id='word_1_176' title='bbox 848 2251 1006 2339; x_wconf 78' lang='lat' dir='ltr'><strong>⁶Spiritoa</strong></span> <span class='ocrx_word' id='word_1_177' title='bbox 1021 2265 1148 2319; x_wconf 77' lang='lat' dir='ltr'><strong>senetur</strong></span> <span class='ocrx_word' id='word_1_178' title='bbox 1164 2256 1419 2341; x_wconf 78' lang='lat' dir='ltr'><strong>effupt&#39;etfictum.</strong></span> 
     </span>
    </p>

    <p class='ocr_par' dir='ltr' id='par_1_7' title="bbox 135 2356 1437 2547">
     <span class='ocr_line' id='line_1_20' title="bbox 135 2356 1437 2443; baseline 0.006 -28"><span class='ocrx_word' id='word_1_179' title='bbox 135 2374 186 2425; x_wconf 64' lang='lat' dir='ltr'><strong>cap.</strong></span> <span class='ocrx_word' id='word_1_180' title='bbox 200 2376 257 2416; x_wconf 79' lang='lat' dir='ltr'><strong>rur.</strong></span> <span class='ocrx_word' id='word_1_181' title='bbox 338 2358 488 2422; x_wconf 75' lang='lat' dir='ltr'><strong>libertati</strong></span> <span class='ocrx_word' id='word_1_182' title='bbox 504 2358 625 2421; x_wconf 87' lang='lat' dir='ltr'><strong>arbitrii</strong></span> <span class='ocrx_word' id='word_1_183' title='bbox 642 2359 689 2420; x_wconf 90' lang='lat' dir='ltr'><strong>sui</strong></span> <span class='ocrx_word' id='word_1_184' title='bbox 707 2358 892 2420; x_wconf 86' lang='lat' dir='ltr'><strong>commissus</strong></span> <span class='ocrx_word' id='word_1_185' title='bbox 909 2356 1059 2421; x_wconf 85' lang='lat' dir='ltr'><strong>esthemo</strong></span> <span class='ocrx_word' id='word_1_186' title='bbox 1071 2359 1177 2421; x_wconf 88' lang='lat' dir='ltr'><strong>statim</strong></span> <span class='ocrx_word' id='word_1_187' title='bbox 1189 2360 1223 2421; x_wconf 93' lang='lat' dir='ltr'><strong>in</strong></span> <span class='ocrx_word' id='word_1_188' title='bbox 1239 2358 1361 2443; x_wconf 88' lang='lat' dir='ltr'><strong>¹prima</strong></span> <span class='ocrx_word' id='word_1_189' title='bbox 1372 2379 1437 2423; x_wconf 89' lang='lat' dir='ltr'><strong>con·</strong></span> 
     </span>
     <span class='ocr_line' id='line_1_21' title="bbox 280 2458 1435 2547; baseline -0.001 -23"><span class='ocrx_word' id='word_1_190' title='bbox 280 2460 412 2541; x_wconf 84' lang='lat' dir='ltr'><strong>ditione,</strong></span> <span class='ocrx_word' id='word_1_191' title='bbox 433 2467 468 2523; x_wconf 93' lang='lat' dir='ltr'><strong>ut</strong></span> <span class='ocrx_word' id='word_1_192' title='bbox 484 2458 572 2523; x_wconf 65' lang='lat' dir='ltr'><strong>2sola</strong></span> <span class='ocrx_word' id='word_1_193' title='bbox 589 2459 752 2542; x_wconf 85' lang='lat' dir='ltr'><strong>vigilantia</strong></span> <span class='ocrx_word' id='word_1_194' title='bbox 772 2461 887 2522; x_wconf 92' lang='lat' dir='ltr'><strong>mentis</strong></span> <span class='ocrx_word' id='word_1_195' title='bbox 903 2458 1083 2523; x_wconf 80' lang='lat' dir='ltr'><strong>³adnitente</strong></span> <span class='ocrx_word' id='word_1_196' title='bbox 1102 2459 1215 2523; x_wconf 74' lang='lat' dir='ltr'><strong>⁴etiarn</strong></span> <span class='ocrx_word' id='word_1_197' title='bbox 1230 2461 1265 2524; x_wconf 92' lang='lat' dir='ltr'><strong>in</strong></span> <span class='ocrx_word' id='word_1_198' title='bbox 1280 2464 1435 2547; x_wconf 83' lang='lat' dir='ltr'><strong>praecepti</strong></span> 
     </span>
    </p>
   </div>
   <div class='ocr_carea' id='block_1_3' title="bbox 275 2561 1437 3161">
    <p class='ocr_par' dir='ltr' id='par_1_8' title="bbox 275 2561 1437 3161">
     <span class='ocr_line' id='line_1_22' title="bbox 276 2561 1436 2650; baseline 0.001 -24"><span class='ocrx_word' id='word_1_199' title='bbox 276 2563 417 2627; x_wconf 85' lang='lat' dir='ltr'><strong>custodio</strong></span> <span class='ocrx_word' id='word_1_200' title='bbox 432 2569 661 2646; x_wconf 83' lang='lat' dir='ltr'><strong>perseveraret,</strong></span> <span class='ocrx_word' id='word_1_201' title='bbox 684 2563 710 2624; x_wconf 91' lang='lat' dir='ltr'><strong>si</strong></span> <span class='ocrx_word' id='word_1_202' title='bbox 732 2561 828 2624; x_wconf 85' lang='lat' dir='ltr'><strong>vellet</strong></span> <span class='ocrx_word' id='word_1_203' title='bbox 846 2563 881 2625; x_wconf 90' lang='lat' dir='ltr'><strong>in</strong></span> <span class='ocrx_word' id='word_1_204' title='bbox 900 2582 936 2626; x_wconf 88' lang='lat' dir='ltr'><strong>eo</strong></span> <span class='ocrx_word' id='word_1_205' title='bbox 958 2562 1040 2646; x_wconf 93' lang='lat' dir='ltr'><strong>quod</strong></span> <span class='ocrx_word' id='word_1_206' title='bbox 1061 2569 1184 2626; x_wconf 86' lang='lat' dir='ltr'><strong>creatus</strong></span> <span class='ocrx_word' id='word_1_207' title='bbox 1199 2563 1303 2627; x_wconf 85' lang='lat' dir='ltr'><strong>luerat</strong></span> <span class='ocrx_word' id='word_1_208' title='bbox 1317 2584 1436 2650; x_wconf 88' lang='lat' dir='ltr'><strong>penna-</strong></span> 
     </span>
     <span class='ocr_line' id='line_1_23' title="bbox 276 2664 1436 2750; baseline 0 -19"><span class='ocrx_word' id='word_1_209' title='bbox 276 2687 358 2731; x_wconf 89' lang='lat' dir='ltr'><strong>nere.</strong></span> <span class='ocrx_word' id='word_1_210' title='bbox 381 2666 551 2749; x_wconf 86' lang='lat' dir='ltr'><strong>Postquam</strong></span> <span class='ocrx_word' id='word_1_211' title='bbox 565 2686 639 2730; x_wconf 82' lang='lat' dir='ltr'><strong>vero</strong></span> <span class='ocrx_word' id='word_1_212' title='bbox 655 2664 836 2728; x_wconf 85' lang='lat' dir='ltr'><strong>seductione</strong></span> <span class='ocrx_word' id='word_1_213' title='bbox 852 2667 1008 2750; x_wconf 87' lang='lat' dir='ltr'><strong>serpentis</strong></span> <span class='ocrx_word' id='word_1_214' title='bbox 1023 2684 1079 2749; x_wconf 91' lang='lat' dir='ltr'><strong>per</strong></span> <span class='ocrx_word' id='word_1_215' title='bbox 1092 2665 1192 2729; x_wconf 84' lang='lat' dir='ltr'><strong>Evam</strong></span> <span class='ocrx_word' id='word_1_216' title='bbox 1207 2666 1334 2749; x_wconf 75' lang='lat' dir='ltr'><strong>cecidit,</strong></span> <span class='ocrx_word' id='word_1_217' title='bbox 1349 2674 1436 2731; x_wconf 90' lang='lat' dir='ltr'><strong>natu·</strong></span> 
     </span>
     <span class='ocr_line' id='line_1_24' title="bbox 275 2768 1437 2853; baseline 0.003 -22"><span class='ocrx_word' id='word_1_218' title='bbox 275 2791 327 2833; x_wconf 85' lang='lat' dir='ltr'><strong>ruo</strong></span> <span class='ocrx_word' id='word_1_219' title='bbox 343 2770 459 2833; x_wconf 91' lang='lat' dir='ltr'><strong>bonum</strong></span> <span class='ocrx_word' id='word_1_220' title='bbox 475 2768 622 2853; x_wconf 89' lang='lat' dir='ltr'><strong>perdidit,</strong></span> <span class='ocrx_word' id='word_1_221' title='bbox 637 2770 755 2852; x_wconf 84' lang='lat' dir='ltr'><strong>pariter</strong></span> <span class='ocrx_word' id='word_1_222' title='bbox 770 2772 802 2830; x_wconf 90' lang='lat' dir='ltr'><strong>et</strong></span> <span class='ocrx_word' id='word_1_223' title='bbox 815 2768 953 2849; x_wconf 84' lang='lat' dir='ltr'><strong>vigorem</strong></span> <span class='ocrx_word' id='word_1_224' title='bbox 967 2768 1099 2849; x_wconf 87' lang='lat' dir='ltr'><strong>arbitrii,</strong></span> <span class='ocrx_word' id='word_1_225' title='bbox 1114 2788 1177 2832; x_wconf 92' lang='lat' dir='ltr'><strong>non</strong></span> <span class='ocrx_word' id='word_1_226' title='bbox 1192 2774 1301 2833; x_wconf 86' lang='lat' dir='ltr'><strong>temen</strong></span> <span class='ocrx_word' id='word_1_227' title='bbox 1313 2770 1437 2835; x_wconf 88' lang='lat' dir='ltr'><strong>electio·</strong></span> 
     </span>
     <span class='ocr_line' id='line_1_25' title="bbox 276 2869 1436 2955; baseline 0.003 -21"><span class='ocrx_word' id='word_1_228' title='bbox 276 2893 362 2953; x_wconf 90' lang='lat' dir='ltr'><strong>nem,</strong></span> <span class='ocrx_word' id='word_1_229' title='bbox 382 2893 422 2935; x_wconf 91' lang='lat' dir='ltr'><strong>no</strong></span> <span class='ocrx_word' id='word_1_230' title='bbox 442 2893 504 2936; x_wconf 92' lang='lat' dir='ltr'><strong>non</strong></span> <span class='ocrx_word' id='word_1_231' title='bbox 526 2877 609 2935; x_wconf 88' lang='lat' dir='ltr'><strong>esset</strong></span> <span class='ocrx_word' id='word_1_232' title='bbox 630 2892 721 2935; x_wconf 88' lang='lat' dir='ltr'><strong>suum</strong></span> <span class='ocrx_word' id='word_1_233' title='bbox 737 2870 819 2953; x_wconf 93' lang='lat' dir='ltr'><strong>quod</strong></span> <span class='ocrx_word' id='word_1_234' title='bbox 833 2869 1033 2934; x_wconf 78' lang='lat' dir='ltr'><strong>⁶emendarct</strong></span> <span class='ocrx_word' id='word_1_235' title='bbox 1047 2877 1228 2955; x_wconf 85' lang='lat' dir='ltr'><strong>peccatum,</strong></span> <span class='ocrx_word' id='word_1_236' title='bbox 1247 2892 1308 2937; x_wconf 90' lang='lat' dir='ltr'><strong>nec</strong></span> <span class='ocrx_word' id='word_1_237' title='bbox 1329 2874 1436 2938; x_wconf 86' lang='lat' dir='ltr'><strong>merito</strong></span> 
     </span>
     <span class='ocr_line' id='line_1_26' title="bbox 276 2972 1436 3059; baseline 0.002 -22"><span class='ocrx_word' id='word_1_238' title='bbox 276 2975 488 3057; x_wconf 77' lang='lat' dir='ltr'><strong>indulgeretur</strong></span> <span class='ocrx_word' id='word_1_239' title='bbox 504 2974 586 3057; x_wconf 93' lang='lat' dir='ltr'><strong>quod</strong></span> <span class='ocrx_word' id='word_1_240' title='bbox 601 2995 664 3038; x_wconf 93' lang='lat' dir='ltr'><strong>non</strong></span> <span class='ocrx_word' id='word_1_241' title='bbox 678 2974 807 3037; x_wconf 85' lang='lat' dir='ltr'><strong>arbitrio</strong></span> <span class='ocrx_word' id='word_1_242' title='bbox 824 2972 975 3036; x_wconf 89' lang='lat' dir='ltr'><strong>diluisset.</strong></span> <span class='ocrx_word' id='word_1_243' title='bbox 997 2972 1103 3037; x_wconf 87' lang='lat' dir='ltr'><strong>Manet</strong></span> <span class='ocrx_word' id='word_1_244' title='bbox 1117 2976 1223 3057; x_wconf 88' lang='lat' dir='ltr'><strong>itaque</strong></span> <span class='ocrx_word' id='word_1_245' title='bbox 1234 2973 1276 3038; x_wconf 91' lang='lat' dir='ltr'><strong>ad</strong></span> <span class='ocrx_word' id='word_1_246' title='bbox 1287 2996 1436 3059; x_wconf 81' lang='lat' dir='ltr'><strong>quaeren-</strong></span> 
     </span>
     <span class='ocr_line' id='line_1_27' title="bbox 277 3074 1436 3161; baseline 0.003 -20"><span class='ocrx_word' id='word_1_247' title='bbox 277 3078 348 3141; x_wconf 85' lang='lat' dir='ltr'><strong>dam</strong></span> <span class='ocrx_word' id='word_1_248' title='bbox 365 3078 495 3140; x_wconf 85' lang='lat' dir='ltr'><strong>salutem</strong></span> <span class='ocrx_word' id='word_1_249' title='bbox 517 3079 638 3142; x_wconf 85' lang='lat' dir='ltr'><strong>arbitrii</strong></span> <span class='ocrx_word' id='word_1_250' title='bbox 659 3077 803 3157; x_wconf 87' lang='lat' dir='ltr'><strong>libertas,</strong></span> <span class='ocrx_word' id='word_1_251' title='bbox 821 3074 854 3138; x_wconf 92' lang='lat' dir='ltr'><strong>id</strong></span> <span class='ocrx_word' id='word_1_252' title='bbox 874 3081 923 3137; x_wconf 88' lang='lat' dir='ltr'><strong>est</strong></span> <span class='ocrx_word' id='word_1_253' title='bbox 936 3076 1097 3139; x_wconf 87' lang='lat' dir='ltr'><strong>rationalis</strong></span> <span class='ocrx_word' id='word_1_254' title='bbox 1112 3074 1294 3161; x_wconf 59' lang='lat' dir='ltr'><strong>‘voluntem</strong></span> <span class='ocrx_word' id='word_1_255' title='bbox 1313 3079 1371 3144; x_wconf 85' lang='lat' dir='ltr'><strong>sed</strong></span> <span class='ocrx_word' id='word_1_256' title='bbox 1384 3078 1436 3143; x_wconf 85' lang='lat' dir='ltr'><strong>ad·</strong></span> 
     </span>
    </p>
   </div>
   <div class='ocr_carea' id='block_1_4' title="bbox 273 3262 1438 4705">
    <p class='ocr_par' dir='ltr' id='par_1_9' title="bbox 277 3262 1437 3383">
     <span class='ocr_line' id='line_1_28' title="bbox 343 3262 1437 3338; baseline 0.002 -23"><span class='ocrx_word' id='word_1_257' title='bbox 343 3264 368 3315; x_wconf 85' lang='lat'><strong>3.</strong></span> <span class='ocrx_word' id='word_1_258' title='bbox 380 3268 518 3329; x_wconf 79' lang='lat' dir='ltr'><strong>reguntur,</strong></span> <span class='ocrx_word' id='word_1_259' title='bbox 536 3280 582 3314; x_wconf 89' lang='lat' dir='ltr'><strong>nec</strong></span> <span class='ocrx_word' id='word_1_260' title='bbox 600 3263 702 3321; x_wconf 81' lang='lat' dir='ltr'><strong>vivmrt,</strong></span> <span class='ocrx_word' id='word_1_261' title='bbox 720 3264 788 3315; x_wconf 90' lang='lat' dir='ltr'><strong>sicut</strong></span> <span class='ocrx_word' id='word_1_262' title='bbox 799 3264 858 3317; x_wconf 76' lang='lat' dir='ltr'><strong>edit.</strong></span> <span class='ocrx_word' id='word_1_263' title='bbox 870 3262 995 3326; x_wconf 71' lang='lat' dir='ltr'><strong>Ebnenlt,</strong></span> <span class='ocrx_word' id='word_1_264' title='bbox 1007 3281 1038 3313; x_wconf 76' lang='lat' dir='ltr'><strong>ex</strong></span> <span class='ocrx_word' id='word_1_265' title='bbox 1049 3264 1104 3317; x_wconf 81' lang='lat' dir='ltr'><strong>eod.</strong></span> <span class='ocrx_word' id='word_1_266' title='bbox 1118 3262 1233 3319; x_wconf 77' lang='lat' dir='ltr'><strong>Floreat.</strong></span> <span class='ocrx_word' id='word_1_267' title='bbox 1267 3264 1295 3322; x_wconf 78' lang='lat'><strong>4.</strong></span> <span class='ocrx_word' id='word_1_268' title='bbox 1307 3266 1437 3338; x_wconf 78' lang='lat' dir='ltr'><strong>disputant</strong></span> 
     </span>
     <span class='ocr_line' id='line_1_29' title="bbox 277 3330 878 3383; baseline 0 0"><span class='ocrx_word' id='word_1_269' title='bbox 277 3334 331 3383; x_wconf 81' lang='lat' dir='ltr'><strong>eod.</strong></span> <span class='ocrx_word' id='word_1_270' title='bbox 344 3331 454 3383; x_wconf 80' lang='lat' dir='ltr'><strong>Floreat.</strong></span> <span class='ocrx_word' id='word_1_271' title='bbox 506 3331 530 3383; x_wconf 76' lang='grc' dir='ltr'><strong>ἵ).</strong></span> <span class='ocrx_word' id='word_1_272' title='bbox 541 3332 709 3383; x_wconf 80' lang='lat' dir='ltr'><strong>incitamenta</strong></span> <span class='ocrx_word' id='word_1_273' title='bbox 718 3334 756 3383; x_wconf 87' lang='lat' dir='ltr'><strong>ed.</strong></span> <span class='ocrx_word' id='word_1_274' title='bbox 767 3330 878 3383; x_wconf 77' lang='lat' dir='ltr'><strong>Elrnenl.</strong></span> 
     </span>
    </p>

    <p class='ocr_par' dir='ltr' id='par_1_10' title="bbox 276 3398 1437 3522">
     <span class='ocr_line' id='line_1_30' title="bbox 344 3398 1437 3469; baseline 0.005 -17"><span class='ocrx_word' id='word_1_275' title='bbox 344 3399 407 3467; x_wconf 79' lang='lat' dir='ltr'><strong>Cap.</strong></span> <span class='ocrx_word' id='word_1_276' title='bbox 419 3398 514 3453; x_wconf 85' lang='lat' dir='ltr'><strong>XVlll.</strong></span> <span class='ocrx_word' id='word_1_277' title='bbox 527 3430 560 3437; x_wconf 94' lang='lat'>-</span> <span class='ocrx_word' id='word_1_278' title='bbox 575 3400 595 3451; x_wconf 91' lang='lat' dir='ltr'><strong>l.</strong></span> <span class='ocrx_word' id='word_1_279' title='bbox 610 3400 671 3468; x_wconf 85' lang='lat' dir='ltr'><strong>quia</strong></span> <span class='ocrx_word' id='word_1_280' title='bbox 682 3416 729 3451; x_wconf 90' lang='lat' dir='ltr'><strong>nec</strong></span> <span class='ocrx_word' id='word_1_281' title='bbox 743 3400 836 3465; x_wconf 82' lang='lat' dir='ltr'><strong>carnia,</strong></span> <span class='ocrx_word' id='word_1_282' title='bbox 848 3410 879 3452; x_wconf 85' lang='lat' dir='ltr'><strong>ut</strong></span> <span class='ocrx_word' id='word_1_283' title='bbox 889 3399 1007 3469; x_wconf 87' lang='lat' dir='ltr'><strong>superius</strong></span> <span class='ocrx_word' id='word_1_284' title='bbox 1019 3400 1141 3465; x_wconf 82' lang='lat' dir='ltr'><strong>diximus,</strong></span> <span class='ocrx_word' id='word_1_285' title='bbox 1153 3416 1243 3455; x_wconf 84' lang='lat' dir='ltr'><strong>semen</strong></span> <span class='ocrx_word' id='word_1_286' title='bbox 1255 3406 1310 3467; x_wconf 80' lang='lat' dir='ltr'><strong>est,</strong></span> <span class='ocrx_word' id='word_1_287' title='bbox 1328 3402 1374 3457; x_wconf 84' lang='lat' dir='ltr'><strong>sed</strong></span> <span class='ocrx_word' id='word_1_288' title='bbox 1386 3404 1437 3457; x_wconf 84' lang='lat' dir='ltr'><strong>rod.</strong></span> 
     </span>
     <span class='ocr_line' id='line_1_31' title="bbox 276 3469 389 3522; baseline 0 0"><span class='ocrx_word' id='word_1_289' title='bbox 276 3469 389 3522; x_wconf 81' lang='lat' dir='ltr'><strong>Floreat.</strong></span> 
     </span>
    </p>

    <p class='ocr_par' dir='ltr' id='par_1_11' title="bbox 277 3535 1437 3880">
     <span class='ocr_line' id='line_1_32' title="bbox 346 3535 1437 3607; baseline 0.004 -18"><span class='ocrx_word' id='word_1_290' title='bbox 346 3536 406 3607; x_wconf 83' lang='lat' dir='ltr'><strong>Gap.</strong></span> <span class='ocrx_word' id='word_1_291' title='bbox 419 3535 493 3589; x_wconf 86' lang='lat' dir='ltr'>XIX.</span> <span class='ocrx_word' id='word_1_292' title='bbox 507 3565 539 3573; x_wconf 86' lang='lat'>—</span> <span class='ocrx_word' id='word_1_293' title='bbox 560 3536 581 3587; x_wconf 92' lang='grc'><strong>1.</strong></span> <span class='ocrx_word' id='word_1_294' title='bbox 598 3552 674 3587; x_wconf 88' lang='lat' dir='ltr'><strong>carue</strong></span> <span class='ocrx_word' id='word_1_295' title='bbox 693 3539 752 3590; x_wconf 80' lang='lat' dir='ltr'><strong>edit.</strong></span> <span class='ocrx_word' id='word_1_296' title='bbox 765 3536 860 3589; x_wconf 73' lang='lat' dir='ltr'><strong>Bened,</strong></span> <span class='ocrx_word' id='word_1_297' title='bbox 878 3546 902 3589; x_wconf 84' lang='lat' dir='ltr'><strong>et</strong></span> <span class='ocrx_word' id='word_1_298' title='bbox 918 3540 972 3591; x_wconf 81' lang='lat' dir='ltr'><strong>ced.</strong></span> <span class='ocrx_word' id='word_1_299' title='bbox 992 3536 1104 3592; x_wconf 79' lang='lat' dir='ltr'><strong>Floreat.</strong></span> <span class='ocrx_word' id='word_1_300' title='bbox 1121 3554 1152 3589; x_wconf 88' lang='lat' dir='ltr'><strong>eo</strong></span> <span class='ocrx_word' id='word_1_301' title='bbox 1184 3554 1229 3591; x_wconf 88' lang='lat' dir='ltr'><strong>ore</strong></span> <span class='ocrx_word' id='word_1_302' title='bbox 1245 3542 1308 3593; x_wconf 81' lang='lat' dir='ltr'><strong>edit.</strong></span> <span class='ocrx_word' id='word_1_303' title='bbox 1326 3540 1437 3595; x_wconf 77' lang='lat' dir='ltr'><strong>Elnerd.</strong></span> 
     </span>
     <span class='ocr_line' id='line_1_33' title="bbox 277 3604 1437 3675; baseline 0.004 -16"><span class='ocrx_word' id='word_1_304' title='bbox 277 3606 301 3659; x_wconf 75' lang='lat'><strong>2.</strong></span> <span class='ocrx_word' id='word_1_305' title='bbox 314 3622 391 3658; x_wconf 85' lang='lat' dir='ltr'><strong>earne</strong></span> <span class='ocrx_word' id='word_1_306' title='bbox 404 3608 462 3657; x_wconf 86' lang='lat' dir='ltr'><strong>edit.</strong></span> <span class='ocrx_word' id='word_1_307' title='bbox 477 3605 569 3656; x_wconf 85' lang='lat' dir='ltr'><strong>Bened.</strong></span> <span class='ocrx_word' id='word_1_308' title='bbox 583 3613 608 3654; x_wconf 85' lang='lat' dir='ltr'><strong>et</strong></span> <span class='ocrx_word' id='word_1_309' title='bbox 618 3607 673 3657; x_wconf 77' lang='lat' dir='ltr'><strong>end.</strong></span> <span class='ocrx_word' id='word_1_310' title='bbox 689 3604 798 3656; x_wconf 80' lang='lat' dir='ltr'><strong>Floreat.</strong></span> <span class='ocrx_word' id='word_1_311' title='bbox 812 3621 918 3675; x_wconf 87' lang='lat' dir='ltr'><strong>corpore</strong></span> <span class='ocrx_word' id='word_1_312' title='bbox 931 3608 989 3659; x_wconf 75' lang='lat' dir='ltr'><strong>edit.</strong></span> <span class='ocrx_word' id='word_1_313' title='bbox 1005 3604 1119 3659; x_wconf 80' lang='lat' dir='ltr'><strong>Elmeud.</strong></span> <span class='ocrx_word' id='word_1_314' title='bbox 1189 3648 1195 3661; x_wconf 92' lang='lat'>.</span> <span class='ocrx_word' id='word_1_315' title='bbox 1208 3608 1273 3673; x_wconf 78' lang='lat' dir='ltr'><strong>aula,</strong></span> <span class='ocrx_word' id='word_1_316' title='bbox 1284 3608 1312 3661; x_wconf 82' lang='lat' dir='ltr'><strong>id</strong></span> <span class='ocrx_word' id='word_1_317' title='bbox 1324 3616 1366 3663; x_wconf 73' lang='lat' dir='ltr'><strong>eat</strong></span> <span class='ocrx_word' id='word_1_318' title='bbox 1376 3610 1437 3673; x_wconf 72' lang='lat' dir='ltr'><strong>vicu,</strong></span> 
     </span>
     <span class='ocr_line' id='line_1_34' title="bbox 277 3674 1436 3743; baseline 0.004 -16"><span class='ocrx_word' id='word_1_319' title='bbox 277 3676 375 3740; x_wconf 87' lang='lat' dir='ltr'><strong>auditu,</strong></span> <span class='ocrx_word' id='word_1_320' title='bbox 388 3679 476 3743; x_wconf 81' lang='lat' dir='ltr'><strong>gustu,</strong></span> <span class='ocrx_word' id='word_1_321' title='bbox 490 3674 605 3737; x_wconf 87' lang='lat' dir='ltr'><strong>odoratu,</strong></span> <span class='ocrx_word' id='word_1_322' title='bbox 616 3677 686 3725; x_wconf 85' lang='lat' dir='ltr'><strong>tactu</strong></span> <span class='ocrx_word' id='word_1_323' title='bbox 700 3676 754 3727; x_wconf 84' lang='lat' dir='ltr'><strong>cod.</strong></span> <span class='ocrx_word' id='word_1_324' title='bbox 768 3674 880 3728; x_wconf 79' lang='lat' dir='ltr'><strong>Florem.</strong></span> <span class='ocrx_word' id='word_1_325' title='bbox 930 3674 955 3728; x_wconf 81' lang='lat'><strong>4.</strong></span> <span class='ocrx_word' id='word_1_326' title='bbox 968 3690 1028 3726; x_wconf 89' lang='lat' dir='ltr'><strong>earo</strong></span> <span class='ocrx_word' id='word_1_327' title='bbox 1040 3678 1101 3729; x_wconf 81' lang='lat' dir='ltr'><strong>edit.</strong></span> <span class='ocrx_word' id='word_1_328' title='bbox 1114 3674 1210 3729; x_wconf 80' lang='lat' dir='ltr'><strong>Bened.</strong></span> <span class='ocrx_word' id='word_1_329' title='bbox 1221 3686 1247 3727; x_wconf 80' lang='lat' dir='ltr'><strong>et</strong></span> <span class='ocrx_word' id='word_1_330' title='bbox 1257 3680 1315 3731; x_wconf 86' lang='lat' dir='ltr'><strong>eod.</strong></span> <span class='ocrx_word' id='word_1_331' title='bbox 1328 3678 1436 3733; x_wconf 75' lang='lat' dir='ltr'><strong>Floreat.</strong></span> 
     </span>
     <span class='ocr_line' id='line_1_35' title="bbox 278 3741 1437 3815; baseline 0.004 -21"><span class='ocrx_word' id='word_1_332' title='bbox 278 3761 370 3812; x_wconf 89' lang='lat' dir='ltr'><strong>corpus</strong></span> <span class='ocrx_word' id='word_1_333' title='bbox 384 3745 442 3794; x_wconf 84' lang='lat' dir='ltr'><strong>edit.</strong></span> <span class='ocrx_word' id='word_1_334' title='bbox 456 3741 571 3794; x_wconf 69' lang='lat' dir='ltr'><strong>armena.</strong></span> <span class='ocrx_word' id='word_1_335' title='bbox 622 3741 646 3793; x_wconf 81' lang='lat'><strong>5.</strong></span> <span class='ocrx_word' id='word_1_336' title='bbox 659 3757 735 3792; x_wconf 86' lang='lat' dir='ltr'><strong>carne</strong></span> <span class='ocrx_word' id='word_1_337' title='bbox 748 3744 807 3794; x_wconf 81' lang='lat' dir='ltr'><strong>edit.</strong></span> <span class='ocrx_word' id='word_1_338' title='bbox 822 3742 915 3796; x_wconf 83' lang='lat' dir='ltr'><strong>Bened.</strong></span> <span class='ocrx_word' id='word_1_339' title='bbox 930 3751 952 3793; x_wconf 81' lang='lat' dir='ltr'><strong>et</strong></span> <span class='ocrx_word' id='word_1_340' title='bbox 964 3745 1019 3794; x_wconf 82' lang='lat' dir='ltr'><strong>cod.</strong></span> <span class='ocrx_word' id='word_1_341' title='bbox 1032 3742 1059 3794; x_wconf 87' lang='lat' dir='ltr'><em>F</em></span> <span class='ocrx_word' id='word_1_342' title='bbox 1057 3744 1145 3798; x_wconf 79' lang='lat' dir='ltr'><strong>dorent.</strong></span> <span class='ocrx_word' id='word_1_343' title='bbox 1158 3760 1267 3815; x_wconf 84' lang='lat' dir='ltr'><strong>corpore</strong></span> <span class='ocrx_word' id='word_1_344' title='bbox 1279 3746 1437 3801; x_wconf 56' lang='lat' dir='ltr'><strong>eamdent.</strong></span> 
     </span>
     <span class='ocr_line' id='line_1_36' title="bbox 278 3810 963 3880; baseline -0.003 -17"><span class='ocrx_word' id='word_1_345' title='bbox 278 3814 301 3863; x_wconf 82' lang='lat' dir='ltr'><strong>o.</strong></span> <span class='ocrx_word' id='word_1_346' title='bbox 313 3813 442 3864; x_wconf 86' lang='lat' dir='ltr'><strong>rationem</strong></span> <span class='ocrx_word' id='word_1_347' title='bbox 455 3828 530 3863; x_wconf 88' lang='lat' dir='ltr'><strong>suam</strong></span> <span class='ocrx_word' id='word_1_348' title='bbox 541 3812 671 3880; x_wconf 84' lang='lat' dir='ltr'><strong>integram</strong></span> <span class='ocrx_word' id='word_1_349' title='bbox 681 3815 752 3862; x_wconf 90' lang='lat' dir='ltr'><strong>tenet</strong></span> <span class='ocrx_word' id='word_1_350' title='bbox 765 3813 820 3865; x_wconf 87' lang='lat' dir='ltr'><strong>cod.</strong></span> <span class='ocrx_word' id='word_1_351' title='bbox 833 3810 946 3864; x_wconf 82' lang='lat' dir='ltr'><strong>Floreat.</strong></span> <span class='ocrx_word' id='word_1_352' title='bbox 958 3866 963 3873; x_wconf 36' lang='lat'>¹</span> 
     </span>
    </p>

    <p class='ocr_par' dir='ltr' id='par_1_12' title="bbox 277 3878 1438 4155">
     <span class='ocr_line' id='line_1_37' title="bbox 345 3878 1438 3961; baseline 0.005 -30"><span class='ocrx_word' id='word_1_353' title='bbox 345 3880 481 3949; x_wconf 73' lang='lat' dir='ltr'><strong>Capilli.</strong></span> <span class='ocrx_word' id='word_1_354' title='bbox 497 3911 529 3919; x_wconf 89' lang='lat'><em>-</em></span> <span class='ocrx_word' id='word_1_355' title='bbox 547 3879 597 3931; x_wconf 88' lang='lat' dir='ltr'><strong>l.a</strong></span> <span class='ocrx_word' id='word_1_356' title='bbox 616 3879 726 3961; x_wconf 86' lang='lat' dir='ltr'><strong>pellatur</strong></span> <span class='ocrx_word' id='word_1_357' title='bbox 743 3881 801 3931; x_wconf 80' lang='lat' dir='ltr'><strong>edit</strong></span> <span class='ocrx_word' id='word_1_358' title='bbox 818 3878 932 3931; x_wconf 83' lang='lat' dir='ltr'><strong>Elmenl.</strong></span> <span class='ocrx_word' id='word_1_359' title='bbox 995 3880 1020 3931; x_wconf 73' lang='lat'><strong>2.</strong></span> <span class='ocrx_word' id='word_1_360' title='bbox 1032 3878 1148 3933; x_wconf 84' lang='lat' dir='ltr'><strong>Tertium</strong></span> <span class='ocrx_word' id='word_1_361' title='bbox 1165 3882 1225 3935; x_wconf 78' lang='lat' dir='ltr'><strong>edit.</strong></span> <span class='ocrx_word' id='word_1_362' title='bbox 1239 3880 1339 3937; x_wconf 83' lang='lat' dir='ltr'><strong>Beaed.</strong></span> <span class='ocrx_word' id='word_1_363' title='bbox 1352 3886 1438 3939; x_wconf 69' lang='lat' dir='ltr'><strong>deod.</strong></span> 
     </span>
     <span class='ocr_line' id='line_1_38' title="bbox 278 3896 1437 4021; baseline 0.009 -22"><span class='ocrx_word' id='word_1_364' title='bbox 278 3949 390 4000; x_wconf 73' lang='lat' dir='ltr'><strong>Floreat.</strong></span> <span class='ocrx_word' id='word_1_365' title='bbox 408 3948 510 4000; x_wconf 88' lang='lat' dir='ltr'><strong>Tertius</strong></span> <span class='ocrx_word' id='word_1_366' title='bbox 523 3951 582 4002; x_wconf 78' lang='lat' dir='ltr'><strong>edit.</strong></span> <span class='ocrx_word' id='word_1_367' title='bbox 598 3896 711 3999; x_wconf 60' lang='lat' dir='ltr'><strong>dictent.</strong></span> <span class='ocrx_word' id='word_1_368' title='bbox 767 3946 792 3999; x_wconf 88' lang='lat'><strong>3.</strong></span> <span class='ocrx_word' id='word_1_369' title='bbox 802 3947 815 3999; x_wconf 91' lang='grc' dir='ltr'><strong>Ι</strong></span> <span class='ocrx_word' id='word_1_370' title='bbox 826 3945 943 4002; x_wconf 81' lang='lat' dir='ltr'><strong>Thessal.</strong></span> <span class='ocrx_word' id='word_1_371' title='bbox 952 3948 983 4011; x_wconf 87' lang='lat' dir='ltr'><strong>V,</strong></span> <span class='ocrx_word' id='word_1_372' title='bbox 995 3946 1036 4002; x_wconf 70' lang='lat'><strong>93.</strong></span> <span class='ocrx_word' id='word_1_373' title='bbox 1092 3948 1117 4001; x_wconf 81' lang='lat'><strong>4.</strong></span> <span class='ocrx_word' id='word_1_374' title='bbox 1129 3949 1250 4019; x_wconf 84' lang='lat' dir='ltr'><strong>spiritum</strong></span> <span class='ocrx_word' id='word_1_375' title='bbox 1256 3954 1371 4021; x_wconf 72' lang='lat' dir='ltr'><strong>gretiam</strong></span> <span class='ocrx_word' id='word_1_376' title='bbox 1380 3956 1437 4009; x_wconf 80' lang='lat' dir='ltr'><strong>edu.</strong></span> 
     </span>
     <span class='ocr_line' id='line_1_39' title="bbox 277 4016 1438 4088; baseline 0.005 -21"><span class='ocrx_word' id='word_1_377' title='bbox 277 4016 372 4070; x_wconf 86' lang='lat' dir='ltr'><strong>Bened.</strong></span> <span class='ocrx_word' id='word_1_378' title='bbox 386 4026 410 4067; x_wconf 88' lang='lat' dir='ltr'><strong>et</strong></span> <span class='ocrx_word' id='word_1_379' title='bbox 421 4020 475 4070; x_wconf 84' lang='lat' dir='ltr'><strong>cod.</strong></span> <span class='ocrx_word' id='word_1_380' title='bbox 490 4018 516 4067; x_wconf 89' lang='lat' dir='ltr'><em>F</em></span> <span class='ocrx_word' id='word_1_381' title='bbox 514 4019 602 4070; x_wconf 77' lang='lat' dir='ltr'><strong>dorent.</strong></span> <span class='ocrx_word' id='word_1_382' title='bbox 615 4016 734 4085; x_wconf 81' lang='lat' dir='ltr'><strong>spiritus,</strong></span> <span class='ocrx_word' id='word_1_383' title='bbox 753 4016 865 4085; x_wconf 85' lang='lat' dir='ltr'><strong>gratiam</strong></span> <span class='ocrx_word' id='word_1_384' title='bbox 877 4018 936 4069; x_wconf 83' lang='lat' dir='ltr'><strong>edit.</strong></span> <span class='ocrx_word' id='word_1_385' title='bbox 949 4016 1064 4070; x_wconf 80' lang='lat' dir='ltr'><strong>Elmend.</strong></span> <span class='ocrx_word' id='word_1_386' title='bbox 1126 4016 1151 4071; x_wconf 84' lang='lat'><strong>5.</strong></span> <span class='ocrx_word' id='word_1_387' title='bbox 1163 4018 1272 4088; x_wconf 71' lang='lat' dir='ltr'><strong>spiritua</strong></span> <span class='ocrx_word' id='word_1_388' title='bbox 1284 4024 1371 4075; x_wconf 75' lang='lat' dir='ltr'><strong>saneti</strong></span> <span class='ocrx_word' id='word_1_389' title='bbox 1382 4024 1438 4075; x_wconf 79' lang='lat' dir='ltr'><strong>edit.</strong></span> 
     </span>
     <span class='ocr_line' id='line_1_40' title="bbox 277 4084 663 4155; baseline 0 -18"><span class='ocrx_word' id='word_1_390' title='bbox 277 4084 392 4139; x_wconf 81' lang='lat' dir='ltr'><strong>Elmend.</strong></span> <span class='ocrx_word' id='word_1_391' title='bbox 445 4084 663 4155; x_wconf 62' lang='lat' dir='ltr'><strong>osapientm.</strong></span> 
     </span>
    </p>

    <p class='ocr_par' dir='ltr' id='par_1_13' title="bbox 273 4153 1438 4705">
     <span class='ocr_line' id='line_1_41' title="bbox 345 4153 1438 4223; baseline 0.007 -18"><span class='ocrx_word' id='word_1_392' title='bbox 345 4154 407 4222; x_wconf 81' lang='lat' dir='ltr'><strong>Cap.</strong></span> <span class='ocrx_word' id='word_1_393' title='bbox 419 4153 493 4205; x_wconf 84' lang='lat' dir='ltr'>XXI.</span> <span class='ocrx_word' id='word_1_394' title='bbox 505 4185 538 4192; x_wconf 88' lang='lat'>-</span> <span class='ocrx_word' id='word_1_395' title='bbox 553 4154 573 4206; x_wconf 94' lang='lat' dir='ltr'><strong>l.</strong></span> <span class='ocrx_word' id='word_1_396' title='bbox 587 4155 671 4223; x_wconf 87' lang='lat' dir='ltr'><strong>prima</strong></span> <span class='ocrx_word' id='word_1_397' title='bbox 681 4154 772 4206; x_wconf 90' lang='lat' dir='ltr'><strong>mundi</strong></span> <span class='ocrx_word' id='word_1_398' title='bbox 784 4154 930 4207; x_wconf 87' lang='lat' dir='ltr'><strong>conditione</strong></span> <span class='ocrx_word' id='word_1_399' title='bbox 944 4156 1003 4208; x_wconf 76' lang='lat' dir='ltr'><strong>edu.</strong></span> <span class='ocrx_word' id='word_1_400' title='bbox 1017 4154 1139 4218; x_wconf 75' lang='lat' dir='ltr'><strong>Elmeud,</strong></span> <span class='ocrx_word' id='word_1_401' title='bbox 1158 4158 1190 4207; x_wconf 83' lang='lat' dir='ltr'><strong>de</strong></span> <span class='ocrx_word' id='word_1_402' title='bbox 1201 4166 1301 4211; x_wconf 78' lang='lat' dir='ltr'><strong>caeter.</strong></span> <span class='ocrx_word' id='word_1_403' title='bbox 1313 4162 1371 4213; x_wconf 82' lang='lat' dir='ltr'><strong>ced.</strong></span> <span class='ocrx_word' id='word_1_404' title='bbox 1383 4160 1438 4213; x_wconf 82' lang='lat' dir='ltr'><strong>Flo·</strong></span> 
     </span>
     <span class='ocr_line' id='line_1_42' title="bbox 277 4221 1438 4291; baseline 0.009 -19"><span class='ocrx_word' id='word_1_405' title='bbox 277 4231 341 4275; x_wconf 82' lang='lat' dir='ltr'><strong>reat.</strong></span> <span class='ocrx_word' id='word_1_406' title='bbox 393 4221 417 4274; x_wconf 76' lang='lat'><strong>¹2.</strong></span> <span class='ocrx_word' id='word_1_407' title='bbox 430 4223 486 4274; x_wconf 90' lang='lat' dir='ltr'><strong>sola</strong></span> <span class='ocrx_word' id='word_1_408' title='bbox 498 4224 557 4275; x_wconf 81' lang='lat' dir='ltr'><strong>edit.</strong></span> <span class='ocrx_word' id='word_1_409' title='bbox 573 4222 675 4284; x_wconf 82' lang='lat' dir='ltr'><strong>Bened,</strong></span> <span class='ocrx_word' id='word_1_410' title='bbox 688 4231 712 4273; x_wconf 83' lang='lat' dir='ltr'><strong>er</strong></span> <span class='ocrx_word' id='word_1_411' title='bbox 724 4225 778 4276; x_wconf 78' lang='lat' dir='ltr'><strong>cccl.</strong></span> <span class='ocrx_word' id='word_1_412' title='bbox 794 4222 820 4273; x_wconf 85' lang='lat' dir='ltr'><em>F</em></span> <span class='ocrx_word' id='word_1_413' title='bbox 818 4225 905 4276; x_wconf 76' lang='lat' dir='ltr'><strong>dorent.</strong></span> <span class='ocrx_word' id='word_1_414' title='bbox 919 4224 992 4275; x_wconf 86' lang='lat' dir='ltr'><strong>salva</strong></span> <span class='ocrx_word' id='word_1_415' title='bbox 1001 4226 1061 4275; x_wconf 81' lang='lat' dir='ltr'><strong>edit.</strong></span> <span class='ocrx_word' id='word_1_416' title='bbox 1073 4222 1196 4289; x_wconf 69' lang='lat' dir='ltr'><strong>Elmenb,</strong></span> <span class='ocrx_word' id='word_1_417' title='bbox 1207 4228 1255 4277; x_wconf 80' lang='lat' dir='ltr'><strong>aed</strong></span> <span class='ocrx_word' id='word_1_418' title='bbox 1284 4244 1438 4291; x_wconf 58' lang='lat' dir='ltr'><strong>narem,</strong></span> 
     </span>
     <span class='ocr_line' id='line_1_43' title="bbox 273 4289 1438 4359; baseline 0.008 -19"><span class='ocrx_word' id='word_1_419' title='bbox 273 4300 344 4358; x_wconf 80' lang='lat' dir='ltr'><strong>puto,</strong></span> <span class='ocrx_word' id='word_1_420' title='bbox 357 4309 498 4359; x_wconf 81' lang='lat' dir='ltr'><strong>operarum.</strong></span> <span class='ocrx_word' id='word_1_421' title='bbox 551 4289 575 4342; x_wconf 88' lang='lat'><strong>3.</strong></span> <span class='ocrx_word' id='word_1_422' title='bbox 590 4292 632 4342; x_wconf 81' lang='lat' dir='ltr'><strong>Itu</strong></span> <span class='ocrx_word' id='word_1_423' title='bbox 645 4294 704 4345; x_wconf 81' lang='lat' dir='ltr'><strong>edit,</strong></span> <span class='ocrx_word' id='word_1_424' title='bbox 718 4291 821 4355; x_wconf 69' lang='lat' dir='ltr'><strong>Beued,</strong></span> <span class='ocrx_word' id='word_1_425' title='bbox 833 4290 958 4354; x_wconf 68' lang='lat' dir='ltr'><strong>Elmend„</strong></span> <span class='ocrx_word' id='word_1_426' title='bbox 971 4301 996 4343; x_wconf 87' lang='lat' dir='ltr'><strong>et</strong></span> <span class='ocrx_word' id='word_1_427' title='bbox 1007 4294 1061 4344; x_wconf 83' lang='lat' dir='ltr'><strong>eod.</strong></span> <span class='ocrx_word' id='word_1_428' title='bbox 1075 4292 1186 4344; x_wconf 80' lang='lat' dir='ltr'><strong>Floreat.</strong></span> <span class='ocrx_word' id='word_1_429' title='bbox 1208 4294 1266 4347; x_wconf 75' lang='lat' dir='ltr'><strong>Alo</strong></span> <span class='ocrx_word' id='word_1_430' title='bbox 1278 4295 1438 4351; x_wconf 64' lang='lat' dir='ltr'><strong>adurente.</strong></span> 
     </span>
     <span class='ocr_line' id='line_1_44' title="bbox 278 4358 1438 4447; baseline 0.007 -38"><span class='ocrx_word' id='word_1_431' title='bbox 278 4359 303 4410; x_wconf 79' lang='lat'><strong>4.</strong></span> <span class='ocrx_word' id='word_1_432' title='bbox 316 4359 393 4410; x_wconf 86' lang='lat' dir='ltr'><strong>etiam</strong></span> <span class='ocrx_word' id='word_1_433' title='bbox 406 4359 536 4427; x_wconf 85' lang='lat' dir='ltr'><strong>praecepti</strong></span> <span class='ocrx_word' id='word_1_434' title='bbox 548 4359 665 4411; x_wconf 86' lang='lat' dir='ltr'><strong>custodia</strong></span> <span class='ocrx_word' id='word_1_435' title='bbox 677 4360 755 4421; x_wconf 75' lang='lat' dir='ltr'><strong>„alii”</strong></span> <span class='ocrx_word' id='word_1_436' title='bbox 768 4380 784 4410; x_wconf 86' lang='lat' dir='ltr'><strong>a</strong></span> <span class='ocrx_word' id='word_1_437' title='bbox 804 4361 839 4411; x_wconf 82' lang='lat' dir='ltr'><strong>acl</strong></span> <span class='ocrx_word' id='word_1_438' title='bbox 850 4358 964 4411; x_wconf 81' lang='lat' dir='ltr'><strong>Elmend.</strong></span> <span class='ocrx_word' id='word_1_439' title='bbox 1015 4359 1040 4414; x_wconf 84' lang='lat'><strong>5.</strong></span> <span class='ocrx_word' id='word_1_440' title='bbox 1053 4361 1202 4413; x_wconf 86' lang='lat' dir='ltr'><strong>emendaret</strong></span> <span class='ocrx_word' id='word_1_441' title='bbox 1212 4360 1287 4419; x_wconf 81' lang='lat' dir='ltr'><em>MSS.</em></span> <span class='ocrx_word' id='word_1_442' title='bbox 1295 4366 1438 4447; x_wconf 67' lang='lat' dir='ltr'><strong>plumBe</strong></span> 
     </span>
     <span class='ocr_line' id='line_1_45' title="bbox 279 4426 1437 4503; baseline 0.009 -27"><span class='ocrx_word' id='word_1_443' title='bbox 279 4429 469 4488; x_wconf 70' lang='lat' dir='ltr'><strong>redimitorum,</strong></span> <span class='ocrx_word' id='word_1_444' title='bbox 482 4429 537 4479; x_wconf 81' lang='lat' dir='ltr'><strong>rod.</strong></span> <span class='ocrx_word' id='word_1_445' title='bbox 545 4426 655 4478; x_wconf 77' lang='lat' dir='ltr'><strong>Floreat.</strong></span> <span class='ocrx_word' id='word_1_446' title='bbox 669 4437 695 4479; x_wconf 83' lang='lat' dir='ltr'><strong>et</strong></span> <span class='ocrx_word' id='word_1_447' title='bbox 706 4431 764 4479; x_wconf 82' lang='lat' dir='ltr'><strong>edit.</strong></span> <span class='ocrx_word' id='word_1_448' title='bbox 797 4429 866 4481; x_wconf 82' lang='lat' dir='ltr'><strong>ened.</strong></span> <span class='ocrx_word' id='word_1_449' title='bbox 879 4428 995 4493; x_wconf 81' lang='lat' dir='ltr'><strong>evitaret,</strong></span> <span class='ocrx_word' id='word_1_450' title='bbox 1007 4446 1072 4497; x_wconf 81' lang='lat' dir='ltr'><strong>quae</strong></span> <span class='ocrx_word' id='word_1_451' title='bbox 1083 4438 1121 4481; x_wconf 81' lang='lat' dir='ltr'><strong>eat</strong></span> <span class='ocrx_word' id='word_1_452' title='bbox 1129 4430 1174 4481; x_wconf 74' lang='lat' dir='ltr'><strong>eu!</strong></span> <span class='ocrx_word' id='word_1_453' title='bbox 1189 4439 1236 4483; x_wconf 77' lang='lat' dir='ltr'><strong>ete</strong></span> <span class='ocrx_word' id='word_1_454' title='bbox 1246 4442 1391 4503; x_wconf 65' lang='lat' dir='ltr'><strong>tenplum,</strong></span> <span class='ocrx_word' id='word_1_455' title='bbox 1401 4434 1437 4487; x_wconf 83' lang='lat' dir='ltr'><strong>ed.</strong></span> 
     </span>
     <span class='ocr_line' id='line_1_46' title="bbox 279 4448 1437 4566; baseline 0.013 -23"><span class='ocrx_word' id='word_1_456' title='bbox 279 4493 393 4548; x_wconf 75' lang='lat' dir='ltr'><strong>Elmenlt.</strong></span> <span class='ocrx_word' id='word_1_457' title='bbox 446 4494 470 4545; x_wconf 84' lang='lat' dir='ltr'><strong>ti.</strong></span> <span class='ocrx_word' id='word_1_458' title='bbox 482 4494 606 4545; x_wconf 79' lang='lat' dir='ltr'><strong>Nonnulli</strong></span> <span class='ocrx_word' id='word_1_459' title='bbox 618 4498 717 4547; x_wconf 77' lang='lat' dir='ltr'><strong>codices</strong></span> <span class='ocrx_word' id='word_1_460' title='bbox 728 4501 766 4547; x_wconf 83' lang='lat' dir='ltr'><strong>sic</strong></span> <span class='ocrx_word' id='word_1_461' title='bbox 773 4505 959 4566; x_wconf 72' lang='lat' dir='ltr'><strong>prosequuntur</strong></span> <span class='ocrx_word' id='word_1_462' title='bbox 974 4513 1027 4551; x_wconf 87' lang='lat' dir='ltr'><strong>non</strong></span> <span class='ocrx_word' id='word_1_463' title='bbox 1043 4502 1131 4551; x_wconf 79' lang='lat' dir='ltr'><strong>tamen</strong></span> <span class='ocrx_word' id='word_1_464' title='bbox 1147 4448 1188 4550; x_wconf 72' lang='lat' dir='ltr'><strong>od</strong></span> <span class='ocrx_word' id='word_1_465' title='bbox 1198 4498 1368 4557; x_wconf 77' lang='lat' dir='ltr'><strong>obtinendam</strong></span> <span class='ocrx_word' id='word_1_466' title='bbox 1384 4502 1437 4557; x_wconf 73' lang='lat' dir='ltr'><strong>alm</strong></span> 
     </span>
     <span class='ocr_line' id='line_1_47' title="bbox 279 4562 1435 4637; baseline 0.012 -26"><span class='ocrx_word' id='word_1_467' title='bbox 279 4562 323 4613; x_wconf 92' lang='lat' dir='ltr'><strong>illo</strong></span> <span class='ocrx_word' id='word_1_468' title='bbox 336 4565 379 4631; x_wconf 90' lang='lat' dir='ltr'><strong>qui</strong></span> <span class='ocrx_word' id='word_1_469' title='bbox 391 4567 546 4632; x_wconf 81' lang='lat' dir='ltr'><strong>quaerentes</strong></span> <span class='ocrx_word' id='word_1_470' title='bbox 558 4562 621 4614; x_wconf 86' lang='lat' dir='ltr'><strong>facit</strong></span> <span class='ocrx_word' id='word_1_471' title='bbox 631 4564 758 4629; x_wconf 82' lang='lat' dir='ltr'><strong>invenire,</strong></span> <span class='ocrx_word' id='word_1_472' title='bbox 775 4564 821 4634; x_wconf 88' lang='lat' dir='ltr'><strong>qui</strong></span> <span class='ocrx_word' id='word_1_473' title='bbox 831 4564 995 4634; x_wconf 82' lang='lat' dir='ltr'><strong>pulsantibus</strong></span> <span class='ocrx_word' id='word_1_474' title='bbox 1012 4566 1107 4636; x_wconf 85' lang='lat' dir='ltr'><strong>aperit,</strong></span> <span class='ocrx_word' id='word_1_475' title='bbox 1124 4568 1169 4636; x_wconf 88' lang='lat' dir='ltr'><strong>qui</strong></span> <span class='ocrx_word' id='word_1_476' title='bbox 1184 4568 1336 4637; x_wconf 68' lang='lat' dir='ltr'><strong>petentibus</strong></span> <span class='ocrx_word' id='word_1_477' title='bbox 1351 4570 1435 4625; x_wconf 79' lang='lat' dir='ltr'><strong>donat.</strong></span> 
     </span>
     <span class='ocr_line' id='line_1_48' title="bbox 280 4628 1436 4705; baseline 0.014 -25"><span class='ocrx_word' id='word_1_478' title='bbox 280 4628 349 4681; x_wconf 84' lang='lat' dir='ltr'><strong>Sicut</strong></span> <span class='ocrx_word' id='word_1_479' title='bbox 363 4648 426 4701; x_wconf 81' lang='lat' dir='ltr'><strong>ergo</strong></span> <span class='ocrx_word' id='word_1_480' title='bbox 438 4630 543 4683; x_wconf 86' lang='lat' dir='ltr'><strong>initium</strong></span> <span class='ocrx_word' id='word_1_481' title='bbox 554 4631 749 4686; x_wconf 83' lang='lat' dir='ltr'><strong>decurisorantc</strong></span> <span class='ocrx_word' id='word_1_482' title='bbox 758 4638 785 4687; x_wconf 90' lang='lat' dir='ltr'><strong>et</strong></span> <span class='ocrx_word' id='word_1_483' title='bbox 794 4633 937 4704; x_wconf 85' lang='lat' dir='ltr'><strong>inspirante</strong></span> <span class='ocrx_word' id='word_1_484' title='bbox 945 4632 1042 4688; x_wconf 84' lang='lat' dir='ltr'><strong>habere</strong></span> <span class='ocrx_word' id='word_1_485' title='bbox 1050 4650 1099 4689; x_wconf 82' lang='lat' dir='ltr'><strong>noa</strong></span> <span class='ocrx_word' id='word_1_486' title='bbox 1108 4634 1246 4705; x_wconf 70' lang='lat' dir='ltr'><strong>eminus.</strong></span> <span class='ocrx_word' id='word_1_487' title='bbox 1256 4636 1436 4695; x_wconf 69' lang='lat' dir='ltr'><strong>lhubllrlm</strong></span> 
     </span>
    </p>
   </div>
   <div class='ocr_carea' id='block_1_5' title="bbox 0 0 1530 5124">
    <p class='ocr_par' dir='ltr' id='par_1_14' title="bbox 0 0 1530 5124">
     <span class='ocr_line' id='line_1_49' title="bbox 0 0 1530 5124; baseline 0 0"><span class='ocrx_word' id='word_1_488' title='bbox 0 0 1530 5124; x_wconf 95' lang='lat' dir='ltr'><strong> </strong></span> 
     </span>
    </p>
   </div>
  </div>
 </body>
</html>
