3046 5124
550 367 589 407 DE
602 366 779 409 HABRMIBU!
793 367 885 409 LIBER.
1234 372 1294 437 201

135 524 195 591 hus
210 524 343 589 dirersis
358 530 451 608 atque
466 527 547 588 ieter
562 543 595 587 se
611 523 751 588 adversis
766 544 835 588 esse
850 524 1029 610 principiis,
1045 524 1100 589 sed
1116 544 1213 591 unum
1227 546 1296 589 csse

128 630 340 714 principium,
360 626 453 691 deum
475 626 598 690 scilicet
613 628 744 708 bonurn,
767 634 798 691 et
821 628 859 691 ab
881 627 933 691 ille
950 627 1066 691 lactum
1081 627 1228 710 alterum,
1243 632 1296 712 qui

127 750 207 795 cum
221 730 380 813 malignus
395 736 494 811 esset,
518 732 662 793 inventus
684 736 732 793 est
752 733 784 793 in
804 751 860 794 sua
875 730 1027 795 mundum
1041 729 1234 812 malignitate
1250 732 1265 794 l
1281 766 1295 779 ·

126 834 226 897 cisse.
263 832 354 897 llunc
374 831 518 917 Apellam
539 832 649 895 dieunt
669 833 796 916 quidam
817 835 912 897 etiam
933 832 971 898 de
992 832 1114 897 Christo
1134 839 1200 896 tem
1218 833 1297 897 lalsa

124 938 284 1017 sensisse,
298 941 334 999 ut
348 935 466 999 diceret
481 955 552 999 eum
567 956 630 999 nen
647 935 773 1018 quidem
788 957 915 999 earnem
930 936 1129 1020 ¹deposuisse
1145 935 1184 999 de
1200 936 1297 1016 caelo,

123 1038 244 1103 sodex
260 1037 423 1103 elementis
438 1037 546 1102 mundi
563 1040 731 1123 accepisse,
748 1059 826 1121 (puae
842 1038 958 1103 mundo
974 1038 1126 1119 reddidit,
1143 1059 1213 1103 cum
1228 1041 1295 1103 sine

124 1162 228 1207 carne
244 1161 409 1223 resurgens
425 1141 457 1203 in
475 1140 595 1204 caelum
610 1141 761 1205 aseendit.

198 1243 360 1308 Severiani
379 1244 526 1308 aSevero
543 1246 641 1308 exorti
658 1246 765 1308 vinnm
780 1265 843 1309 non
859 1243 985 1325 bibunt,
1006 1266 1041 1308 eo
1058 1245 1141 1328 quod
1156 1243 1297 1309 fabulosa
1314 1274 1364 1325 s„
1378 1275 1453 1314 mv,

124 1349 272 1411 vanitate
289 1346 327 1411 de
343 1354 453 1431 satana
467 1354 499 1409 et
514 1353 596 1410 terra
610 1349 802 1429 germinasse
817 1353 959 1411 asserant
978 1350 1082 1411 vitem.
1120 1347 1221 1410 Etiam
1237 1348 1296 1432 ipsi

125 1470 198 1515 nun
212 1470 323 1514 sanam
338 1450 513 1514 doctrinam
529 1471 617 1512 suam
633 1449 746 1532 crnibus
767 1448 875 1513 volunt
890 1450 1000 1513 inllant
1014 1450 1193 1515 nominibus
1209 1452 1295 1534 prin·

128 1554 256 1639 cipum,
277 1555 379 1616 carnis
396 1555 655 1616 resurrectionem
671 1573 741 1616 cum
759 1559 861 1615 retr-re
878 1559 1064 1618 testamento
1086 1554 1295 1638 ¹respuentes.

198 1656 321 1719 'latieni
343 1677 361 1718 a
381 1656 512 1719 'Iatiuno
529 1654 664 1738 quodam
679 1656 825 1736 instituti,
842 1655 894 1737 qui
911 1664 941 1718 et
955 1656 1133 1719 Encratitac
1148 1655 1297 1740 appellati
1315 1684 1365 1735 css.
1379 1684 1441 1723 axv.

131 1765 225 1839 sunt,
247 1760 373 1843 nuptias
395 1757 560 1837 damnant,
589 1764 680 1841 atque
704 1757 829 1821 omnino
853 1779 942 1842 pares
964 1779 1017 1821 eas
1040 1759 1296 1822 fornicationibus

131 1860 267 1945 ahisque
284 1862 533 1946 corruptionibus
549 1862 683 1942 iaciunt,
699 1882 756 1924 nec
773 1861 928 1945 recipiunt
943 1863 975 1924 in
991 1881 1116 1924 suorum
1132 1882 1297 1926 nnmerum

132 1966 279 2046 coningio
295 1970 449 2045 utentem,
465 1967 530 2027 sire.
546 1985 663 2027 marem
683 1966 749 2027 sive
770 1965 927 2027 seminam.
960 1963 987 2027 N
990 1985 1029 2027 on
1045 1970 1215 2028 vescuntur
1227 1986 1295 2028 car-

131 2067 239 2148 nibus,
255 2088 369 2149 easque
385 2088 495 2130 omnes
511 2068 739 2130 abominantur.
764 2066 956 2130 l'rolationes
972 2067 1121 2149 quasdam
1139 2066 1295 2131 fabulosas

132 2168 311 2235 seculormn
325 2172 421 2233 etiam
436 2172 495 2254 ipsi
512 2172 645 2254 sapiunt.
683 2167 782 2232 Saluti
800 2170 893 2252 primi
913 2168 1048 2233 hominis
1069 2168 1295 2233 contradicunt.

132 2272 327 2358 Epiphanius
342 2272 490 2337 'latinnes
512 2279 543 2334 et
556 2273 732 2336 Encratitas
752 2274 795 2335 ita
811 2272 975 2354 discernit,
996 2280 1030 2335 ut
1044 2272 1219 2335 Encratitas
1235 2272 1296 2334 Ta-

133 2377 211 2439 tiani
225 2374 443 2439 schismaticos
459 2375 568 2439 2dicat.

198 2477 411 2562 Cataphryges
428 2486 501 2541 sunt
521 2499 652 2562 qnorum
669 2483 811 2541 auctores
827 2478 953 2541 luerunt
967 2479 1133 2542 Montanus
1149 2483 1297 2560 tanquam
1315 2507 1366 2556 cap.
1381 2506 1455 2545 ιιιιιι.

135 2580 305 2667 paraclitus
322 2586 353 2644 et
368 2580 446 2645 duae
458 2582 671 2667 prophetissae
685 2583 793 2665 ipsius,
808 2581 915 2644 Prisca
927 2588 957 2643 et
968 2580 1148 2644 Maximilla.
1171 2582 1228 2645 llis
1240 2603 1296 2645 ne-

127 2704 206 2749 ·men
222 2686 385 2769 provincia
399 2685 533 2766 Phrygia
549 2685 651 2764 dedit,
672 2686 744 2766 qnia
764 2684 807 2746 ihi
828 2686 999 2746 extiterunt
1019 2684 1122 2766 ibique
1144 2686 1297 2765 vixerunt,

138 2792 169 2851 et
181 2789 363 2851 etiamnunc
381 2789 412 2851 in
428 2786 546 2850 eisdem
563 2787 703 2872 partibus
719 2787 848 2871 populos
864 2786 991 2849 habent.
1013 2786 1193 2850 Adventum
1205 2787 1296 2872 spiri·

136 2894 184 2955 tus
199 2892 302 2955 sancti
318 2911 337 2952 a
352 2889 477 2954 domino
494 2893 682 2975 promissum
699 2892 730 2952 in
747 2911 780 2953 se
797 2892 898 2974 potius
915 2911 1008 2972 qnam
1028 2893 1060 2953 ln
1081 2889 1231 2974 apostolis
1252 2894 1297 2955 eis

136 2992 230 3057 luisse
245 3001 392 3057 asserunt
403 2993 569 3057 redditum.
593 2992 753 3057 Secundus
767 2995 891 3077 nuptias
905 3014 958 3076 pro
972 2994 1229 3058 fornicationibus
1241 2993 1297 3059 lra-

137 3094 223 3178 bcnt,
244 3103 276 3159 et
300 3096 371 3160 ideo
393 3096 502 3160 dicunt
527 3117 579 3159 eas
600 3098 782 3181 permisisse
805 3094 996 3180 ¹apostolum
1015 3095 1147 3161 Paulum
1167 3101 1240 3181 qnia
1260 3120 1298 3161 cr

136 3207 221 3285 parte
237 3199 359 3264 sciebat
374 3207 405 3263 et
420 3221 458 3262 ex
473 3206 561 3284 pame
577 3199 798 3284 prophetabat3
819 3197 958 3262 nendum
974 3201 1057 3263 enim
1073 3209 1201 3264 venerat
1216 3202 1298 3285 quod

200 3352 264 3422 Gap.
276 3351 374 3405 XXIII.
395 3383 424 3390 —
448 3352 467 3403 l.
485 3351 547 3403 Solu
565 3354 602 3405 erl.
618 3352 713 3403 Lorne.
732 3352 838 3403 duxisse
857 3351 888 3402 de
905 3352 984 3403 coelo.
1021 3351 1140 3422 (Bened.)
1177 3355 1299 3406 Fortasse

135 3423 292 3473 scribendum
305 3430 342 3472 est
355 3421 445 3472 desum
465 3421 539 3472 sisse.

198 3490 263 3559 Cap.
276 3489 373 3542 XXIV.
388 3521 420 3529 -
447 3438 469 3540 l.
487 3488 645 3556 Subiunpent
661 3491 737 3540 editi.-
765 3489 811 3540 llic
828 3495 961 3559 praeterea
976 3487 1144 3544 Philumenen
1168 3491 1298 3560 quandam

134 3558 246 3627 puellam
258 3557 361 3610 dicebat
372 3558 524 3626 inspiratam
537 3557 659 3609 divinitus
672 3558 704 3608 ad
716 3558 923 3638 praenuntianda
935 3557 1034 3622 futura,
1053 3558 1084 3609 ad
1102 3575 1180 3628 quam
1197 3561 1299 3611 somnia

135 3640 150 3677 a
176 3644 209 3681 ae
223 3634 312 3679 aestus
329 3627 370 3679 sui
388 3627 469 3679 animi
485 3626 600 3679 reserens
617 3625 819 3678 divinationibus
832 3644 877 3679 seu
907 3628 1032 3695 rassagiis
1045 3628 1100 3680 eius
1113 3629 1232 3679 secretim
1245 3636 1299 3680 erat

134 3632 223 3749 slltus
240 3696 417 3765 praemoneri,
433 3695 523 3746 eusdem
541 3694 722 3764 phantasmate
741 3695 823 3746 eidem
841 3645 1008 3747 Phillrmenae
1026 3697 1097 3764 pueri
1114 3694 1202 3748 habitu
1215 3713 1243 3747 se
1256 3697 1298 3748 de-

134 3770 306 3827 monstrante,
325 3763 368 3832 qni
384 3780 448 3832 puer
465 3780 591 3833 apparens
604 3761 734 3816 Christum
747 3781 774 3815 se
787 3763 934 3833 aliquando,
953 3763 1091 3832 aliquando
1104 3780 1161 3815 esse
1174 3772 1299 3816 assereret

133 3830 254 3895 Paulum,
277 3849 293 3884 a
311 3848 361 3900 que
378 3831 560 3901 phantasmate
578 3833 714 3884 sciscitans
732 3849 763 3884 aa
776 3834 868 3884 soleret
887 3833 1040 3912 respendere
1053 3848 1120 3900 quae
1133 3849 1160 3884 se
1172 3833 1299 3884 audienti·

134 3900 180 3953 hus
192 3901 299 3967 diceret.
329 3899 461 3952 Nonnulla
477 3918 581 3970 quorsus
599 3902 671 3953 illam
688 3902 814 3953 miracula
832 3917 932 3970 operam
944 3901 1059 3962 solitam,
1073 3901 1139 3952 inter
1156 3917 1222 3969 quae
1236 3902 1297 3954 illud

133 3970 308 4039 praecipuum,
327 3968 395 4037 quod
411 3970 437 4021 in
456 3970 636 4038 angustissimi
653 3970 704 4021 oris
716 3970 857 4040 ampullam
875 3970 984 4021 vitream
1000 3984 1095 4037 panem
1113 3968 1239 4037 mandem
1251 3971 1299 4022 im·

132 4038 259 4101 mitteret,
276 4053 388 4117 eumque
405 4040 527 4090 extremis
545 4038 659 4107 digitulis
676 4039 761 4092 levare
785 4039 880 4090 soleret
900 4038 1032 4100 illaesum,
1049 4053 1132 4105 eoque
1150 4039 1205 4089 sole
1223 4040 1299 4107 quasi

135 4104 255 4159 duritas
268 4106 318 4158 sibi
331 4106 388 4158 elbo
402 4106 461 4157 dato
479 4108 572 4158 suisset
585 4112 713 4159 enrricula.
749 4109 830 4158 Abest
841 4109 868 4158 id
880 4115 952 4157 toturn
967 4126 983 4156 α
996 4104 1077 4166 MSS,
1090 4108 1230 4175 quodferte
1244 4127 1297 4159 rum

135 4184 194 4227 creet
205 4195 224 4227 a
235 4178 353 4244 quopiam
367 4179 392 4225 ia
404 4195 449 4225 ora
464 4177 531 4237 libri,
545 4195 590 4225 ιιυιι
604 4178 634 4226 de
645 4175 745 4240 Serere,
758 4179 804 4227 sed
816 4178 847 4227 de
856 4175 947 4242 Apelle
957 4182 1111 4236 carnotorum,
1124 4176 1230 4227 librarii
1241 4176 1298 4228 laal-

134 4242 274 4295 lucr'uautes
287 4247 353 4294 istuc
366 4245 557 4294 trrrustulrruut.
590 4244 627 4294 De
642 4245 731 4312 ulpelle
744 4264 775 4295 αι·
788 4245 897 4294 eiusdem
910 4242 1054 4293 Philumene
1070 4241 1241 4296 Tertullianus
1253 4246 1296 4300 let.

135 4309 173 4365 Dc
183 4310 310 4364 Praescrr'
329 4320 345 4362 t.
358 4311 463 4363 Haeret.
478 4329 536 4378 carp.
551 4312 575 4364 6.
589 4320 614 4362 et
623 4311 668 4364 30.
698 4311 818 4380 (Bened.)

199 4378 237 4433 (la
256 4421 263 4433 .
331 4379 360 4432 V.
373 4411 405 4418 —
426 4381 446 4433 l.
461 4379 631 4446 Editr'seruat
641 4397 657 4432 a
666 4380 756 4433 Taele.
772 4379 824 4431 Sed
835 4377 907 4432 MSS.
920 4379 1064 4442 aTatiane,
1077 4398 1123 4449 pua
1136 4399 1189 4432 eum
1202 4386 1299 4434 nemine

135 4457 227 4501 celeres
236 4396 356 4500 historici
368 4447 523 4517 appellaret.''
558 4446 678 4515 (Benedl
734 4448 759 4500 2.
778 4447 972 4509 ,Editr‘dicant
1002 4448 1093 4501 Melius
1112 4452 1209 4518 aliquot
1224 4449 1297 4505 MSS.

136 4514 302 4651 ἱὶιίξιιόἕςίον
311 4519 347 4568 ud
354 4515 538 4586 Epiphaniam,
555 4520 598 4582 pul
605 4515 760 4570 Eacratr'tas
769 4514 923 4585 ἀπόσπασμα
933 4515 1054 4568 Tartareis
1065 4520 1164 4571 dicitis
1173 4519 1296 4589 Epiruma.

168 4602 202 4639 an

200 4584 421 4725 Capl.xxl'1.-
448 4653 467 4704 l.
486 4653 501 4704 I
514 4651 626 4705 corruet.
639 4652 680 4717 13,
698 4654 723 4707 9.
