<?xml version="1.0" encoding="UTF-8"?>
<!DOCTYPE html PUBLIC "-//W3C//DTD XHTML 1.0 Transitional//EN"
    "http://www.w3.org/TR/xhtml1/DTD/xhtml1-transitional.dtd">
<html xmlns="http://www.w3.org/1999/xhtml" xml:lang="en" lang="en">
 <head>
  <title>
</title>
<meta http-equiv="Content-Type" content="text/html;charset=utf-8" />
  <meta name='ocr-system' content='tesseract 3.04.00' />
  <meta name='ocr-capabilities' content='ocr_page ocr_carea ocr_par ocr_line ocrx_word'/>
</head>
<body>
  <div class='ocr_page' id='page_1' title='image "./corporishaerese02unkngoog_0346.png"; bbox 0 0 3046 5124; ppageno 0'>
   <div class='ocr_carea' id='block_1_1' title="bbox 512 335 1282 407">
    <p class='ocr_par' dir='ltr' id='par_1_1' title="bbox 512 335 1282 407">
     <span class='ocr_line' id='line_1_1' title="bbox 512 335 1282 407; baseline 0.001 -28"><span class='ocrx_word' id='word_1_1' title='bbox 512 336 552 379; x_wconf 69' lang='lat' dir='ltr'><strong>D!</strong></span> <span class='ocrx_word' id='word_1_2' title='bbox 564 336 743 379; x_wconf 66' lang='lat' dir='ltr'><strong>mmmm</strong></span> <span class='ocrx_word' id='word_1_3' title='bbox 754 335 901 380; x_wconf 71' lang='lat' dir='ltr'><strong>alamur.</strong></span> <span class='ocrx_word' id='word_1_4' title='bbox 1220 339 1282 407; x_wconf 64' lang='lat'><strong>3⁵27</strong></span> 
     </span>
    </p>
   </div>
   <div class='ocr_carea' id='block_1_2' title="bbox 123 493 1432 1912">
    <p class='ocr_par' dir='ltr' id='par_1_2' title="bbox 124 493 1283 767">
     <span class='ocr_line' id='line_1_2' title="bbox 124 493 1283 581; baseline -0.001 -22"><span class='ocrx_word' id='word_1_5' title='bbox 124 493 286 580; x_wconf 81' lang='lat' dir='ltr'><strong>voluptate</strong></span> <span class='ocrx_word' id='word_1_6' title='bbox 308 496 444 581; x_wconf 90' lang='lat' dir='ltr'><strong>corporis</strong></span> <span class='ocrx_word' id='word_1_7' title='bbox 467 497 676 576; x_wconf 87' lang='lat' dir='ltr'><strong>constituunt,</strong></span> <span class='ocrx_word' id='word_1_8' title='bbox 695 494 833 559; x_wconf 88' lang='lat' dir='ltr'><strong>animam</strong></span> <span class='ocrx_word' id='word_1_9' title='bbox 854 494 934 559; x_wconf 82' lang='lat' dir='ltr'>nihil</span> <span class='ocrx_word' id='word_1_10' title='bbox 955 494 1038 560; x_wconf 86' lang='lat' dir='ltr'><strong>aliud</strong></span> <span class='ocrx_word' id='word_1_11' title='bbox 1061 516 1156 580; x_wconf 90' lang='lat' dir='ltr'><strong>quam</strong></span> <span class='ocrx_word' id='word_1_12' title='bbox 1170 516 1283 580; x_wconf 87' lang='lat' dir='ltr'><strong>cerpus</strong></span> 
     </span>
     <span class='ocr_line' id='line_1_3' title="bbox 126 597 1281 684; baseline 0 -23"><span class='ocrx_word' id='word_1_13' title='bbox 126 618 196 662; x_wconf 86' lang='lat' dir='ltr'><strong>asse</strong></span> <span class='ocrx_word' id='word_1_14' title='bbox 212 597 335 679; x_wconf 91' lang='lat' dir='ltr'><strong>dicunt,</strong></span> <span class='ocrx_word' id='word_1_15' title='bbox 353 598 505 663; x_wconf 91' lang='lat' dir='ltr'><strong>mundum</strong></span> <span class='ocrx_word' id='word_1_16' title='bbox 525 619 587 663; x_wconf 93' lang='lat' dir='ltr'><strong>non</strong></span> <span class='ocrx_word' id='word_1_17' title='bbox 604 620 622 664; x_wconf 89' lang='lat' dir='ltr'><strong>a</strong></span> <span class='ocrx_word' id='word_1_18' title='bbox 637 598 694 664; x_wconf 90' lang='lat' dir='ltr'><strong>deo</strong></span> <span class='ocrx_word' id='word_1_19' title='bbox 710 601 790 683; x_wconf 82' lang='lat' dir='ltr'><strong>regi,</strong></span> <span class='ocrx_word' id='word_1_20' title='bbox 807 597 864 665; x_wconf 89' lang='lat' dir='ltr'><strong>sed</strong></span> <span class='ocrx_word' id='word_1_21' title='bbox 878 619 916 663; x_wconf 83' lang='lat' dir='ltr'><strong>ex</strong></span> <span class='ocrx_word' id='word_1_22' title='bbox 931 600 1054 682; x_wconf 88' lang='lat' dir='ltr'><strong>atomis,</strong></span> <span class='ocrx_word' id='word_1_23' title='bbox 1068 598 1150 663; x_wconf 88' lang='lat' dir='ltr'><strong>unde</strong></span> <span class='ocrx_word' id='word_1_24' title='bbox 1166 597 1281 684; x_wconf 90' lang='lat' dir='ltr'><strong>produ·</strong></span> 
     </span>
     <span class='ocr_line' id='line_1_4' title="bbox 126 700 975 767; baseline -0.008 -1"><span class='ocrx_word' id='word_1_25' title='bbox 126 706 213 767; x_wconf 90' lang='lat' dir='ltr'><strong>ctum</strong></span> <span class='ocrx_word' id='word_1_26' title='bbox 228 700 346 765; x_wconf 90' lang='lat' dir='ltr'><strong>dicunt.</strong></span> <span class='ocrx_word' id='word_1_27' title='bbox 972 754 975 759; x_wconf 86' lang='lat'>.</span> 
     </span>
    </p>

    <p class='ocr_par' dir='ltr' id='par_1_3' title="bbox 126 792 1411 1074">
     <span class='ocr_line' id='line_1_5' title="bbox 191 792 1411 890; baseline 0.002 -23"><span class='ocrx_word' id='word_1_28' title='bbox 191 803 471 890; x_wconf 87' lang='lat' dir='ltr'><strong>Gymnosophistae</strong></span> <span class='ocrx_word' id='word_1_29' title='bbox 492 805 569 869; x_wconf 90' lang='lat' dir='ltr'><strong>nudi</strong></span> <span class='ocrx_word' id='word_1_30' title='bbox 590 808 623 869; x_wconf 94' lang='lat' dir='ltr'><strong>in</strong></span> <span class='ocrx_word' id='word_1_31' title='bbox 643 805 774 869; x_wconf 78' lang='lat' dir='ltr'><strong>desertis</strong></span> <span class='ocrx_word' id='word_1_32' title='bbox 796 804 921 869; x_wconf 89' lang='lat' dir='ltr'><strong>¹Indiae</strong></span> <span class='ocrx_word' id='word_1_33' title='bbox 941 792 1210 890; x_wconf 77' lang='lat' dir='ltr'><strong>philosophantur,</strong></span> <span class='ocrx_word' id='word_1_34' title='bbox 1224 824 1283 889; x_wconf 94' lang='lat' dir='ltr'><strong>pu·</strong></span> <span class='ocrx_word' id='word_1_35' title='bbox 1302 817 1352 869; x_wconf 68' lang='lat' dir='ltr'><strong>ceo</strong></span> <span class='ocrx_word' id='word_1_36' title='bbox 1367 818 1411 859; x_wconf 71' lang='lat' dir='ltr'><strong>xv·</strong></span> 
     </span>
     <span class='ocr_line' id='line_1_6' title="bbox 126 905 1282 994; baseline -0.002 -23"><span class='ocrx_word' id='word_1_37' title='bbox 126 905 230 971; x_wconf 87' lang='lat' dir='ltr'><strong>danda</strong></span> <span class='ocrx_word' id='word_1_38' title='bbox 248 912 370 971; x_wconf 88' lang='lat' dir='ltr'><strong>tantum</strong></span> <span class='ocrx_word' id='word_1_39' title='bbox 392 912 569 991; x_wconf 84' lang='lat' dir='ltr'><strong>contegunt.</strong></span> <span class='ocrx_word' id='word_1_40' title='bbox 607 907 647 971; x_wconf 88' lang='lat' dir='ltr'><strong>Hi</strong></span> <span class='ocrx_word' id='word_1_41' title='bbox 667 928 700 971; x_wconf 90' lang='lat' dir='ltr'><strong>se</strong></span> <span class='ocrx_word' id='word_1_42' title='bbox 721 908 878 991; x_wconf 82' lang='lat' dir='ltr'><strong>inignem</strong></span> <span class='ocrx_word' id='word_1_43' title='bbox 897 907 1065 994; x_wconf 88' lang='lat' dir='ltr'><strong>proiiciunt</strong></span> <span class='ocrx_word' id='word_1_44' title='bbox 1085 927 1190 973; x_wconf 89' lang='lat' dir='ltr'><strong>amore</strong></span> <span class='ocrx_word' id='word_1_45' title='bbox 1204 906 1282 970; x_wconf 87' lang='lat' dir='ltr'><strong>alte-</strong></span> 
     </span>
     <span class='ocr_line' id='line_1_7' title="bbox 126 1010 297 1074; baseline -0.018 -1"><span class='ocrx_word' id='word_1_46' title='bbox 126 1011 191 1074; x_wconf 89' lang='lat' dir='ltr'><strong>rius</strong></span> <span class='ocrx_word' id='word_1_47' title='bbox 205 1010 297 1073; x_wconf 87' lang='lat' dir='ltr'><strong>vitae.</strong></span> 
     </span>
    </p>

    <p class='ocr_par' dir='ltr' id='par_1_4' title="bbox 124 1111 1421 1607">
     <span class='ocr_line' id='line_1_8' title="bbox 189 1111 1421 1198; baseline 0.002 -23"><span class='ocrx_word' id='word_1_48' title='bbox 189 1111 340 1188; x_wconf 86' lang='lat' dir='ltr'><strong>¹Quidam</strong></span> <span class='ocrx_word' id='word_1_49' title='bbox 354 1111 531 1198; x_wconf 85' lang='lat' dir='ltr'>philosophi</span> <span class='ocrx_word' id='word_1_50' title='bbox 546 1113 693 1177; x_wconf 86' lang='lat' dir='ltr'><strong>dixerunt</strong></span> <span class='ocrx_word' id='word_1_51' title='bbox 706 1111 951 1177; x_wconf 88' lang='lat' dir='ltr'><strong>huncmundnm</strong></span> <span class='ocrx_word' id='word_1_52' title='bbox 963 1134 1032 1177; x_wconf 88' lang='lat' dir='ltr'><strong>esse</strong></span> <span class='ocrx_word' id='word_1_53' title='bbox 1045 1112 1148 1194; x_wconf 88' lang='lat' dir='ltr'><strong>deum,</strong></span> <span class='ocrx_word' id='word_1_54' title='bbox 1163 1117 1197 1175; x_wconf 88' lang='lat' dir='ltr'><strong>ut</strong></span> <span class='ocrx_word' id='word_1_55' title='bbox 1207 1111 1283 1176; x_wconf 91' lang='lat' dir='ltr'><strong>Dio·</strong></span> <span class='ocrx_word' id='word_1_56' title='bbox 1303 1125 1353 1177; x_wconf 67' lang='lat' dir='ltr'><strong>Ger·</strong></span> <span class='ocrx_word' id='word_1_57' title='bbox 1366 1126 1421 1166; x_wconf 71' lang='lat' dir='ltr'><strong>m</strong></span> 
     </span>
     <span class='ocr_line' id='line_1_9' title="bbox 124 1213 1283 1297; baseline -0.001 -19"><span class='ocrx_word' id='word_1_58' title='bbox 124 1213 249 1297; x_wconf 81' lang='lat' dir='ltr'><strong>nysius:</strong></span> <span class='ocrx_word' id='word_1_59' title='bbox 265 1214 392 1297; x_wconf 87' lang='lat' dir='ltr'><strong>quidam</strong></span> <span class='ocrx_word' id='word_1_60' title='bbox 407 1221 544 1279; x_wconf 88' lang='lat' dir='ltr'><strong>mentem</strong></span> <span class='ocrx_word' id='word_1_61' title='bbox 559 1215 704 1279; x_wconf 85' lang='lat' dir='ltr'><strong>dixerunt</strong></span> <span class='ocrx_word' id='word_1_62' title='bbox 718 1215 826 1296; x_wconf 91' lang='lat' dir='ltr'><strong>deum,</strong></span> <span class='ocrx_word' id='word_1_63' title='bbox 846 1222 881 1278; x_wconf 85' lang='lat' dir='ltr'><strong>ut</strong></span> <span class='ocrx_word' id='word_1_64' title='bbox 900 1214 1015 1279; x_wconf 84' lang='lat' dir='ltr'><strong>Thales</strong></span> <span class='ocrx_word' id='word_1_65' title='bbox 1035 1214 1190 1280; x_wconf 89' lang='lat' dir='ltr'><strong>Milesius:</strong></span> <span class='ocrx_word' id='word_1_66' title='bbox 1214 1213 1283 1297; x_wconf 93' lang='lat' dir='ltr'><strong>qui·</strong></span> 
     </span>
     <span class='ocr_line' id='line_1_10' title="bbox 126 1316 1283 1400; baseline -0.003 -20"><span class='ocrx_word' id='word_1_67' title='bbox 126 1317 199 1381; x_wconf 90' lang='lat' dir='ltr'><strong>dam</strong></span> <span class='ocrx_word' id='word_1_68' title='bbox 214 1317 354 1381; x_wconf 90' lang='lat' dir='ltr'><strong>animum</strong></span> <span class='ocrx_word' id='word_1_69' title='bbox 368 1316 419 1380; x_wconf 72' lang='lat' dir='ltr'><strong>2in</strong></span> <span class='ocrx_word' id='word_1_70' title='bbox 440 1319 584 1381; x_wconf 91' lang='lat' dir='ltr'><strong>omnibns</strong></span> <span class='ocrx_word' id='word_1_71' title='bbox 600 1325 781 1382; x_wconf 80' lang='lat' dir='ltr'><strong>manantem</strong></span> <span class='ocrx_word' id='word_1_72' title='bbox 800 1324 831 1382; x_wconf 90' lang='lat' dir='ltr'><strong>et</strong></span> <span class='ocrx_word' id='word_1_73' title='bbox 850 1317 1005 1399; x_wconf 91' lang='lat' dir='ltr'><strong>lucidum,</strong></span> <span class='ocrx_word' id='word_1_74' title='bbox 1024 1323 1059 1380; x_wconf 93' lang='lat' dir='ltr'><strong>nt</strong></span> <span class='ocrx_word' id='word_1_75' title='bbox 1076 1317 1283 1400; x_wconf 86' lang='lat' dir='ltr'><strong>Pythagoras:</strong></span> 
     </span>
     <span class='ocr_line' id='line_1_11' title="bbox 125 1418 1283 1505; baseline 0 -22"><span class='ocrx_word' id='word_1_76' title='bbox 125 1419 254 1504; x_wconf 89' lang='lat' dir='ltr'><strong>quidam</strong></span> <span class='ocrx_word' id='word_1_77' title='bbox 268 1423 338 1484; x_wconf 89' lang='lat' dir='ltr'><strong>sinc</strong></span> <span class='ocrx_word' id='word_1_78' title='bbox 352 1425 493 1505; x_wconf 91' lang='lat' dir='ltr'><strong>tempore</strong></span> <span class='ocrx_word' id='word_1_79' title='bbox 509 1420 815 1502; x_wconf 80' lang='lat' dir='ltr'><strong>incommutabilem,</strong></span> <span class='ocrx_word' id='word_1_80' title='bbox 833 1426 870 1484; x_wconf 88' lang='lat' dir='ltr'><strong>ut</strong></span> <span class='ocrx_word' id='word_1_81' title='bbox 883 1420 985 1484; x_wconf 89' lang='lat' dir='ltr'><strong>Plato:</strong></span> <span class='ocrx_word' id='word_1_82' title='bbox 1007 1419 1134 1504; x_wconf 88' lang='lat' dir='ltr'><strong>quidam</strong></span> <span class='ocrx_word' id='word_1_83' title='bbox 1150 1418 1283 1483; x_wconf 89' lang='lat' dir='ltr'><strong>solutam</strong></span> 
     </span>
     <span class='ocr_line' id='line_1_12' title="bbox 124 1521 1122 1607; baseline -0.001 -21"><span class='ocrx_word' id='word_1_84' title='bbox 124 1528 264 1587; x_wconf 87' lang='lat' dir='ltr'><strong>mentem</strong></span> <span class='ocrx_word' id='word_1_85' title='bbox 280 1529 313 1585; x_wconf 92' lang='lat' dir='ltr'><strong>ut</strong></span> <span class='ocrx_word' id='word_1_86' title='bbox 328 1522 451 1586; x_wconf 86' lang='lat' dir='ltr'><strong>Cicero:</strong></span> <span class='ocrx_word' id='word_1_87' title='bbox 467 1521 595 1604; x_wconf 83' lang='lat' dir='ltr'><strong>quIdam</strong></span> <span class='ocrx_word' id='word_1_88' title='bbox 609 1523 754 1607; x_wconf 91' lang='lat' dir='ltr'><strong>spiritum</strong></span> <span class='ocrx_word' id='word_1_89' title='bbox 770 1529 801 1586; x_wconf 91' lang='lat' dir='ltr'><strong>et</strong></span> <span class='ocrx_word' id='word_1_90' title='bbox 815 1527 963 1604; x_wconf 84' lang='lat' dir='ltr'><strong>mentem,</strong></span> <span class='ocrx_word' id='word_1_91' title='bbox 978 1529 1012 1586; x_wconf 93' lang='lat' dir='ltr'><strong>ut</strong></span> <span class='ocrx_word' id='word_1_92' title='bbox 1026 1523 1122 1588; x_wconf 87' lang='lat' dir='ltr'><strong>Maro.</strong></span> 
     </span>
    </p>

    <p class='ocr_par' dir='ltr' id='par_1_5' title="bbox 123 1623 1432 1912">
     <span class='ocr_line' id='line_1_13' title="bbox 189 1623 1432 1708; baseline 0.001 -20"><span class='ocrx_word' id='word_1_93' title='bbox 189 1624 287 1689; x_wconf 85' lang='lat' dir='ltr'><strong>¹ltem</strong></span> <span class='ocrx_word' id='word_1_94' title='bbox 301 1623 353 1687; x_wconf 86' lang='lat' dir='ltr'><strong>alii</strong></span> <span class='ocrx_word' id='word_1_95' title='bbox 370 1624 557 1708; x_wconf 78' lang='lat' dir='ltr'><strong>philosophi,</strong></span> <span class='ocrx_word' id='word_1_96' title='bbox 572 1630 607 1687; x_wconf 93' lang='lat' dir='ltr'><strong>ut</strong></span> <span class='ocrx_word' id='word_1_97' title='bbox 620 1625 784 1705; x_wconf 80' lang='lat' dir='ltr'><strong>Platonici,</strong></span> <span class='ocrx_word' id='word_1_98' title='bbox 800 1625 952 1689; x_wconf 91' lang='lat' dir='ltr'><strong>mnndum</strong></span> <span class='ocrx_word' id='word_1_99' title='bbox 967 1626 1125 1689; x_wconf 81' lang='lat' dir='ltr'><strong>aliirmant</strong></span> <span class='ocrx_word' id='word_1_100' title='bbox 1138 1627 1283 1708; x_wconf 88' lang='lat' dir='ltr'><strong>incorpo-</strong></span> <span class='ocrx_word' id='word_1_101' title='bbox 1302 1637 1353 1689; x_wconf 73' lang='lat' dir='ltr'><strong>cm·</strong></span> <span class='ocrx_word' id='word_1_102' title='bbox 1365 1637 1432 1699; x_wconf 69' lang='lat' dir='ltr'>¹Y11·</span> 
     </span>
     <span class='ocr_line' id='line_1_14' title="bbox 124 1726 1383 1812; baseline -0.002 -20"><span class='ocrx_word' id='word_1_103' title='bbox 124 1727 238 1807; x_wconf 89' lang='lat' dir='ltr'><strong>ralem,</strong></span> <span class='ocrx_word' id='word_1_104' title='bbox 259 1726 356 1791; x_wconf 86' lang='lat' dir='ltr'><strong>Stoici</strong></span> <span class='ocrx_word' id='word_1_105' title='bbox 372 1726 579 1810; x_wconf 82' lang='lat' dir='ltr'><strong>corporalem,</strong></span> <span class='ocrx_word' id='word_1_106' title='bbox 599 1727 751 1812; x_wconf 85' lang='lat' dir='ltr'><strong>Epicurus</strong></span> <span class='ocrx_word' id='word_1_107' title='bbox 767 1749 806 1792; x_wconf 84' lang='lat' dir='ltr'><strong>ex</strong></span> <span class='ocrx_word' id='word_1_108' title='bbox 820 1729 948 1809; x_wconf 89' lang='lat' dir='ltr'><strong>atomis,</strong></span> <span class='ocrx_word' id='word_1_109' title='bbox 966 1726 1156 1810; x_wconf 80' lang='lat' dir='ltr'><strong>Pythagoras</strong></span> <span class='ocrx_word' id='word_1_110' title='bbox 1171 1747 1210 1791; x_wconf 85' lang='lat' dir='ltr'><strong>ex</strong></span> <span class='ocrx_word' id='word_1_111' title='bbox 1224 1747 1283 1791; x_wconf 91' lang='lat' dir='ltr'><strong>nu·</strong></span> <span class='ocrx_word' id='word_1_112' title='bbox 1380 1772 1383 1779; x_wconf 65' lang='lat'><strong>,</strong></span> 
     </span>
     <span class='ocr_line' id='line_1_15' title="bbox 123 1828 571 1912; baseline -0.011 -16"><span class='ocrx_word' id='word_1_113' title='bbox 123 1832 231 1912; x_wconf 86' lang='lat' dir='ltr'><strong>meris,</strong></span> <span class='ocrx_word' id='word_1_114' title='bbox 246 1828 422 1894; x_wconf 86' lang='lat' dir='ltr'><strong>Heraclitus</strong></span> <span class='ocrx_word' id='word_1_115' title='bbox 438 1849 476 1893; x_wconf 83' lang='lat' dir='ltr'><strong>ex</strong></span> <span class='ocrx_word' id='word_1_116' title='bbox 491 1831 571 1912; x_wconf 80' lang='lat' dir='ltr'><strong>igne.</strong></span> 
     </span>
    </p>
   </div>
   <div class='ocr_carea' id='block_1_3' title="bbox 124 1994 1445 2528">
    <p class='ocr_par' dir='ltr' id='par_1_6' title="bbox 188 1994 738 2100">
     <span class='ocr_line' id='line_1_16' title="bbox 188 1994 738 2100; baseline -0.007 0"><span class='ocrx_word' id='word_1_117' title='bbox 188 2037 224 2100; x_wconf 95' lang='lat' dir='ltr'><strong>ln</strong></span> <span class='ocrx_word' id='word_1_118' title='bbox 240 2034 372 2098; x_wconf 89' lang='lat' dir='ltr'><strong>ecclesia</strong></span> <span class='ocrx_word' id='word_1_119' title='bbox 385 1994 512 2098; x_wconf 78' lang='lat' dir='ltr'><strong>fierunt</strong></span> <span class='ocrx_word' id='word_1_120' title='bbox 526 2033 558 2098; x_wconf 96' lang='lat' dir='ltr'><strong>hi</strong></span> <span class='ocrx_word' id='word_1_121' title='bbox 573 2034 738 2098; x_wconf 88' lang='lat' dir='ltr'><strong>haeretici:</strong></span> 
     </span>
    </p>

    <p class='ocr_par' dir='ltr' id='par_1_7' title="bbox 124 2137 1445 2528">
     <span class='ocr_line' id='line_1_17' title="bbox 188 2137 1445 2223; baseline 0.001 -21"><span class='ocrx_word' id='word_1_122' title='bbox 188 2138 360 2202; x_wconf 88' lang='lat' dir='ltr'><strong>Simoniaci</strong></span> <span class='ocrx_word' id='word_1_123' title='bbox 380 2137 539 2201; x_wconf 85' lang='lat' dir='ltr'><strong>aSimonc</strong></span> <span class='ocrx_word' id='word_1_124' title='bbox 561 2157 652 2219; x_wconf 81' lang='lat' dir='ltr'><strong>mago</strong></span> <span class='ocrx_word' id='word_1_125' title='bbox 672 2137 764 2217; x_wconf 92' lang='lat' dir='ltr'><strong>dicti,</strong></span> <span class='ocrx_word' id='word_1_126' title='bbox 787 2141 841 2220; x_wconf 93' lang='lat' dir='ltr'><strong>qui</strong></span> <span class='ocrx_word' id='word_1_127' title='bbox 861 2141 995 2223; x_wconf 89' lang='lat' dir='ltr'><strong>pecunia</strong></span> <span class='ocrx_word' id='word_1_128' title='bbox 1015 2140 1148 2201; x_wconf 85' lang='lat' dir='ltr'><strong>tentavit</strong></span> <span class='ocrx_word' id='word_1_129' title='bbox 1168 2137 1285 2203; x_wconf 91' lang='lat' dir='ltr'><strong>donum</strong></span> <span class='ocrx_word' id='word_1_130' title='bbox 1304 2151 1353 2202; x_wconf 78' lang='lat' dir='ltr'><strong>cu·</strong></span> <span class='ocrx_word' id='word_1_131' title='bbox 1367 2151 1445 2193; x_wconf 64' lang='grc' dir='ltr'><strong>ΜΠ·</strong></span> 
     </span>
     <span class='ocr_line' id='line_1_18' title="bbox 124 2240 1285 2327; baseline -0.001 -22"><span class='ocrx_word' id='word_1_132' title='bbox 124 2243 254 2327; x_wconf 84' lang='lat' dir='ltr'><strong>spiritus</strong></span> <span class='ocrx_word' id='word_1_133' title='bbox 270 2242 369 2303; x_wconf 88' lang='lat' dir='ltr'><strong>sancti</strong></span> <span class='ocrx_word' id='word_1_134' title='bbox 386 2240 425 2302; x_wconf 86' lang='lat' dir='ltr'><strong>ab</strong></span> <span class='ocrx_word' id='word_1_135' title='bbox 441 2240 589 2323; x_wconf 91' lang='lat' dir='ltr'><strong>apostolis</strong></span> <span class='ocrx_word' id='word_1_136' title='bbox 606 2261 793 2324; x_wconf 89' lang='lat' dir='ltr'><strong>comparare.</strong></span> <span class='ocrx_word' id='word_1_137' title='bbox 817 2240 858 2303; x_wconf 94' lang='lat' dir='ltr'><strong>Hi</strong></span> <span class='ocrx_word' id='word_1_138' title='bbox 873 2240 984 2304; x_wconf 90' lang='lat' dir='ltr'><strong>dicunt</strong></span> <span class='ocrx_word' id='word_1_139' title='bbox 999 2246 1173 2303; x_wconf 87' lang='lat' dir='ltr'><strong>creaturam</strong></span> <span class='ocrx_word' id='word_1_140' title='bbox 1188 2261 1252 2304; x_wconf 93' lang='lat' dir='ltr'><strong>non</strong></span> <span class='ocrx_word' id='word_1_141' title='bbox 1266 2263 1285 2304; x_wconf 92' lang='lat' dir='ltr'><strong>a</strong></span> 
     </span>
     <span class='ocr_line' id='line_1_19' title="bbox 124 2341 1283 2428; baseline -0.001 -21"><span class='ocrx_word' id='word_1_142' title='bbox 124 2342 194 2423; x_wconf 90' lang='lat' dir='ltr'><strong>deo,</strong></span> <span class='ocrx_word' id='word_1_143' title='bbox 209 2342 266 2406; x_wconf 90' lang='lat' dir='ltr'><strong>sed</strong></span> <span class='ocrx_word' id='word_1_144' title='bbox 281 2364 300 2406; x_wconf 88' lang='lat' dir='ltr'><strong>a</strong></span> <span class='ocrx_word' id='word_1_145' title='bbox 314 2341 447 2426; x_wconf 87' lang='lat' dir='ltr'><strong>quadam</strong></span> <span class='ocrx_word' id='word_1_146' title='bbox 462 2363 596 2426; x_wconf 91' lang='lat' dir='ltr'><strong>superna</strong></span> <span class='ocrx_word' id='word_1_147' title='bbox 612 2342 723 2405; x_wconf 90' lang='lat' dir='ltr'><strong>virtute</strong></span> <span class='ocrx_word' id='word_1_148' title='bbox 736 2349 881 2407; x_wconf 90' lang='lat' dir='ltr'><strong>creatam.</strong></span> <span class='ocrx_word' id='word_1_149' title='bbox 906 2341 1022 2407; x_wconf 89' lang='lat' dir='ltr'><strong>Omnes</strong></span> <span class='ocrx_word' id='word_1_150' title='bbox 1035 2345 1088 2426; x_wconf 92' lang='lat' dir='ltr'><strong>qui</strong></span> <span class='ocrx_word' id='word_1_151' title='bbox 1100 2348 1208 2406; x_wconf 91' lang='lat' dir='ltr'><strong>emunt</strong></span> <span class='ocrx_word' id='word_1_152' title='bbox 1219 2346 1283 2428; x_wconf 92' lang='lat' dir='ltr'><strong>spi·</strong></span> 
     </span>
     <span class='ocr_line' id='line_1_20' title="bbox 124 2445 1283 2528; baseline 0 -18"><span class='ocrx_word' id='word_1_153' title='bbox 124 2445 265 2526; x_wconf 80' lang='lat' dir='ltr'><strong>ritualia,</strong></span> <span class='ocrx_word' id='word_1_154' title='bbox 286 2450 359 2507; x_wconf 88' lang='lat' dir='ltr'><strong>snut</strong></span> <span class='ocrx_word' id='word_1_155' title='bbox 374 2445 562 2525; x_wconf 86' lang='lat' dir='ltr'><strong>Simoniaci,</strong></span> <span class='ocrx_word' id='word_1_156' title='bbox 584 2465 656 2508; x_wconf 90' lang='lat' dir='ltr'><strong>cum</strong></span> <span class='ocrx_word' id='word_1_157' title='bbox 671 2445 797 2509; x_wconf 88' lang='lat' dir='ltr'><strong>Simone</strong></span> <span class='ocrx_word' id='word_1_158' title='bbox 813 2445 998 2509; x_wconf 88' lang='lat' dir='ltr'><strong>damnandi:</strong></span> <span class='ocrx_word' id='word_1_159' title='bbox 1021 2445 1073 2528; x_wconf 92' lang='lat' dir='ltr'><strong>qui</strong></span> <span class='ocrx_word' id='word_1_160' title='bbox 1088 2452 1193 2510; x_wconf 90' lang='lat' dir='ltr'><strong>autem</strong></span> <span class='ocrx_word' id='word_1_161' title='bbox 1207 2467 1283 2521; x_wconf 77' lang='lat' dir='ltr'><strong>uen-</strong></span> 
     </span>
    </p>
   </div>
   <div class='ocr_carea' id='block_1_4' title="bbox 123 2547 1421 2943">
    <p class='ocr_par' dir='ltr' id='par_1_8' title="bbox 123 2547 1421 2943">
     <span class='ocr_line' id='line_1_21' title="bbox 124 2547 1283 2633; baseline -0.003 -18"><span class='ocrx_word' id='word_1_162' title='bbox 124 2548 206 2615; x_wconf 87' lang='lat' dir='ltr'><strong>dnnt</strong></span> <span class='ocrx_word' id='word_1_163' title='bbox 219 2553 294 2611; x_wconf 90' lang='lat' dir='ltr'><strong>sunt</strong></span> <span class='ocrx_word' id='word_1_164' title='bbox 309 2549 461 2627; x_wconf 82' lang='lat' dir='ltr'><strong>Gienitae,</strong></span> <span class='ocrx_word' id='word_1_165' title='bbox 477 2568 548 2610; x_wconf 92' lang='lat' dir='ltr'><strong>cnm</strong></span> <span class='ocrx_word' id='word_1_166' title='bbox 564 2547 667 2611; x_wconf 85' lang='lat' dir='ltr'><strong>¹Giezi</strong></span> <span class='ocrx_word' id='word_1_167' title='bbox 683 2568 772 2612; x_wconf 81' lang='lat' dir='ltr'><strong>servo</strong></span> <span class='ocrx_word' id='word_1_168' title='bbox 787 2548 925 2612; x_wconf 88' lang='lat' dir='ltr'><strong>Helisaei</strong></span> <span class='ocrx_word' id='word_1_169' title='bbox 940 2548 1144 2633; x_wconf 88' lang='lat' dir='ltr'><strong>reprobandi,</strong></span> <span class='ocrx_word' id='word_1_170' title='bbox 1165 2551 1217 2632; x_wconf 91' lang='lat' dir='ltr'><strong>qui</strong></span> <span class='ocrx_word' id='word_1_171' title='bbox 1233 2569 1283 2611; x_wconf 88' lang='lat' dir='ltr'><strong>sa·</strong></span> 
     </span>
     <span class='ocr_line' id='line_1_22' title="bbox 123 2650 1285 2736; baseline 0 -20"><span class='ocrx_word' id='word_1_172' title='bbox 123 2651 223 2716; x_wconf 88' lang='lat' dir='ltr'><strong>intem</strong></span> <span class='ocrx_word' id='word_1_173' title='bbox 238 2650 390 2731; x_wconf 87' lang='lat' dir='ltr'><strong>vendidit,</strong></span> <span class='ocrx_word' id='word_1_174' title='bbox 405 2671 497 2734; x_wconf 69' lang='lat' dir='ltr'><strong>cluam</strong></span> <span class='ocrx_word' id='word_1_175' title='bbox 514 2650 676 2715; x_wconf 86' lang='lat' dir='ltr'><strong>Helisaeus</strong></span> <span class='ocrx_word' id='word_1_176' title='bbox 691 2653 788 2733; x_wconf 82' lang='lat' dir='ltr'><strong>gratis</strong></span> <span class='ocrx_word' id='word_1_177' title='bbox 801 2651 897 2732; x_wconf 88' lang='lat' dir='ltr'><strong>dedit,</strong></span> <span class='ocrx_word' id='word_1_178' title='bbox 912 2657 943 2714; x_wconf 92' lang='lat' dir='ltr'><strong>et</strong></span> <span class='ocrx_word' id='word_1_179' title='bbox 958 2651 1028 2715; x_wconf 93' lang='lat' dir='ltr'><strong>ideo</strong></span> <span class='ocrx_word' id='word_1_180' title='bbox 1044 2651 1131 2736; x_wconf 85' lang='lat' dir='ltr'><strong>lepra</strong></span> <span class='ocrx_word' id='word_1_181' title='bbox 1144 2650 1285 2716; x_wconf 84' lang='lat' dir='ltr'><strong>Naaman</strong></span> 
     </span>
     <span class='ocr_line' id='line_1_23' title="bbox 124 2753 321 2821; baseline -0.03 0"><span class='ocrx_word' id='word_1_182' title='bbox 124 2757 154 2821; x_wconf 84' lang='lat' dir='ltr'><strong>ai</strong></span> <span class='ocrx_word' id='word_1_183' title='bbox 169 2753 321 2818; x_wconf 88' lang='lat' dir='ltr'><strong>adhaesit.</strong></span> 
     </span>
     <span class='ocr_line' id='line_1_24' title="bbox 187 2856 1421 2943; baseline 0.001 -22"><span class='ocrx_word' id='word_1_184' title='bbox 187 2856 404 2923; x_wconf 82' lang='lat' dir='ltr'><strong>hleuandriani</strong></span> <span class='ocrx_word' id='word_1_185' title='bbox 420 2878 438 2919; x_wconf 90' lang='lat' dir='ltr'><strong>a</strong></span> <span class='ocrx_word' id='word_1_186' title='bbox 453 2856 622 2921; x_wconf 88' lang='lat' dir='ltr'><strong>Menandro</strong></span> <span class='ocrx_word' id='word_1_187' title='bbox 639 2856 790 2943; x_wconf 88' lang='lat' dir='ltr'><strong>discipulo</strong></span> <span class='ocrx_word' id='word_1_188' title='bbox 806 2856 943 2922; x_wconf 83' lang='lat' dir='ltr'><strong>Simonis</strong></span> <span class='ocrx_word' id='word_1_189' title='bbox 959 2857 1045 2922; x_wconf 87' lang='lat' dir='ltr'><strong>dicti.</strong></span> <span class='ocrx_word' id='word_1_190' title='bbox 1078 2857 1119 2922; x_wconf 91' lang='lat' dir='ltr'><strong>Hi</strong></span> <span class='ocrx_word' id='word_1_191' title='bbox 1133 2856 1285 2922; x_wconf 90' lang='lat' dir='ltr'><strong>mundum</strong></span> <span class='ocrx_word' id='word_1_192' title='bbox 1303 2869 1421 2921; x_wconf 64' lang='lat' dir='ltr'><strong>etr-11³·</strong></span> 
     </span>
    </p>
   </div>
   <div class='ocr_carea' id='block_1_5' title="bbox 123 3076 1285 3217">
    <p class='ocr_par' dir='ltr' id='par_1_9' title="bbox 123 3076 1285 3217">
     <span class='ocr_line' id='line_1_25' title="bbox 123 3076 1285 3148; baseline 0 -16"><span class='ocrx_word' id='word_1_193' title='bbox 123 3080 186 3133; x_wconf 77' lang='lat' dir='ltr'><strong>sint.</strong></span> <span class='ocrx_word' id='word_1_194' title='bbox 206 3078 333 3130; x_wconf 81' lang='lat' dir='ltr'><strong>Assenmt</strong></span> <span class='ocrx_word' id='word_1_195' title='bbox 345 3083 432 3129; x_wconf 89' lang='lat' dir='ltr'><strong>antem</strong></span> <span class='ocrx_word' id='word_1_196' title='bbox 445 3076 522 3129; x_wconf 88' lang='lat' dir='ltr'><strong>deum</strong></span> <span class='ocrx_word' id='word_1_197' title='bbox 533 3077 598 3130; x_wconf 92' lang='lat' dir='ltr'><strong>nihil</strong></span> <span class='ocrx_word' id='word_1_198' title='bbox 609 3094 697 3147; x_wconf 82' lang='lat' dir='ltr'><strong>agere,</strong></span> <span class='ocrx_word' id='word_1_199' title='bbox 708 3079 797 3131; x_wconf 91' lang='lat' dir='ltr'><strong>omnia</strong></span> <span class='ocrx_word' id='word_1_200' title='bbox 807 3082 926 3131; x_wconf 84' lang='lat' dir='ltr'><strong>constare</strong></span> <span class='ocrx_word' id='word_1_201' title='bbox 938 3078 1103 3148; x_wconf 88' lang='lat' dir='ltr'><strong>corporibus,</strong></span> <span class='ocrx_word' id='word_1_202' title='bbox 1121 3077 1235 3131; x_wconf 86' lang='lat' dir='ltr'><strong>animam</strong></span> <span class='ocrx_word' id='word_1_203' title='bbox 1248 3080 1285 3132; x_wconf 92' lang='lat' dir='ltr'><strong>ni-</strong></span> 
     </span>
     <span class='ocr_line' id='line_1_26' title="bbox 123 3145 1246 3217; baseline -0.002 -16"><span class='ocrx_word' id='word_1_204' title='bbox 123 3146 159 3201; x_wconf 93' lang='lat' dir='ltr'><strong>hil</strong></span> <span class='ocrx_word' id='word_1_205' title='bbox 171 3147 243 3200; x_wconf 88' lang='lat' dir='ltr'><strong>aliud</strong></span> <span class='ocrx_word' id='word_1_206' title='bbox 255 3163 312 3199; x_wconf 88' lang='lat' dir='ltr'><strong>esse</strong></span> <span class='ocrx_word' id='word_1_207' title='bbox 325 3163 404 3215; x_wconf 84' lang='lat' dir='ltr'><strong>quam</strong></span> <span class='ocrx_word' id='word_1_208' title='bbox 416 3163 516 3216; x_wconf 89' lang='lat' dir='ltr'><strong>corpus.</strong></span> <span class='ocrx_word' id='word_1_209' title='bbox 536 3145 608 3199; x_wconf 89' lang='lat' dir='ltr'><strong>Unde</strong></span> <span class='ocrx_word' id='word_1_210' title='bbox 620 3152 646 3198; x_wconf 91' lang='lat' dir='ltr'><strong>et</strong></span> <span class='ocrx_word' id='word_1_211' title='bbox 658 3147 731 3211; x_wconf 83' lang='lat' dir='ltr'><strong>dixit,</strong></span> <span class='ocrx_word' id='word_1_212' title='bbox 743 3147 802 3200; x_wconf 88' lang='lat' dir='ltr'><strong>Non</strong></span> <span class='ocrx_word' id='word_1_213' title='bbox 814 3163 857 3199; x_wconf 90' lang='lat' dir='ltr'><strong>ero</strong></span> <span class='ocrx_word' id='word_1_214' title='bbox 869 3152 1007 3217; x_wconf 86' lang='lat' dir='ltr'><strong>postquam</strong></span> <span class='ocrx_word' id='word_1_215' title='bbox 1018 3152 1136 3201; x_wconf 88' lang='lat' dir='ltr'><strong>mortuus</strong></span> <span class='ocrx_word' id='word_1_216' title='bbox 1148 3147 1246 3200; x_wconf 86' lang='lat' dir='ltr'><strong>luero.&#39;&#39;</strong></span> 
     </span>
    </p>
   </div>
   <div class='ocr_carea' id='block_1_6' title="bbox 122 3230 1287 4315">
    <p class='ocr_par' dir='ltr' id='par_1_10' title="bbox 123 3230 1286 3575">
     <span class='ocr_line' id='line_1_27' title="bbox 192 3230 1286 3312; baseline 0.002 -28"><span class='ocrx_word' id='word_1_217' title='bbox 192 3231 254 3312; x_wconf 82' lang='lat' dir='ltr'><strong>Cap.</strong></span> <span class='ocrx_word' id='word_1_218' title='bbox 266 3230 323 3284; x_wconf 84' lang='lat' dir='ltr'><strong>XV.</strong></span> <span class='ocrx_word' id='word_1_219' title='bbox 336 3263 369 3270; x_wconf 89' lang='lat'>—</span> <span class='ocrx_word' id='word_1_220' title='bbox 390 3233 411 3284; x_wconf 93' lang='lat' dir='ltr'><strong>l.</strong></span> <span class='ocrx_word' id='word_1_221' title='bbox 430 3232 472 3282; x_wconf 79' lang='lat' dir='ltr'><strong>Iro</strong></span> <span class='ocrx_word' id='word_1_222' title='bbox 486 3236 611 3300; x_wconf 78' lang='lat' dir='ltr'><strong>rescripsi</strong></span> <span class='ocrx_word' id='word_1_223' title='bbox 623 3252 673 3300; x_wconf 76' lang='lat' dir='ltr'><strong>pro</strong></span> <span class='ocrx_word' id='word_1_224' title='bbox 686 3252 712 3284; x_wconf 85' lang='lat' dir='ltr'><strong>eo</strong></span> <span class='ocrx_word' id='word_1_225' title='bbox 730 3234 796 3300; x_wconf 82' lang='lat' dir='ltr'><strong>quod</strong></span> <span class='ocrx_word' id='word_1_226' title='bbox 806 3234 879 3299; x_wconf 75' lang='lat' dir='ltr'><strong>cstlpo</strong></span> <span class='ocrx_word' id='word_1_227' title='bbox 892 3242 962 3284; x_wconf 75' lang='lat' dir='ltr'><strong>estat</strong></span> <span class='ocrx_word' id='word_1_228' title='bbox 975 3232 1002 3285; x_wconf 85' lang='lat' dir='ltr'><strong>in</strong></span> <span class='ocrx_word' id='word_1_229' title='bbox 1015 3231 1055 3284; x_wconf 83' lang='lat' dir='ltr'><strong>die</strong></span> <span class='ocrx_word' id='word_1_230' title='bbox 1070 3231 1286 3303; x_wconf 81' lang='lat' dir='ltr'><strong>philosophantur</strong></span> 
     </span>
     <span class='ocr_line' id='line_1_28' title="bbox 124 3299 1286 3371; baseline 0.002 -18"><span class='ocrx_word' id='word_1_231' title='bbox 124 3310 181 3353; x_wconf 80' lang='lat' dir='ltr'><strong>cett.</strong></span> <span class='ocrx_word' id='word_1_232' title='bbox 200 3300 290 3354; x_wconf 88' lang='lat' dir='ltr'><strong>lsrdor.</strong></span> <span class='ocrx_word' id='word_1_233' title='bbox 303 3301 391 3368; x_wconf 83' lang='lat' dir='ltr'><strong>Origg.</strong></span> <span class='ocrx_word' id='word_1_234' title='bbox 406 3299 470 3363; x_wconf 88' lang='lat' dir='ltr'><strong>VIII,</strong></span> <span class='ocrx_word' id='word_1_235' title='bbox 484 3301 508 3362; x_wconf 81' lang='lat' dir='ltr'><strong>t,</strong></span> <span class='ocrx_word' id='word_1_236' title='bbox 524 3301 562 3353; x_wconf 80' lang='lat' dir='ltr'><strong>Ii.</strong></span> <span class='ocrx_word' id='word_1_237' title='bbox 582 3299 834 3371; x_wconf 79' lang='lat' dir='ltr'><strong>„Gymnosophistae</strong></span> <span class='ocrx_word' id='word_1_238' title='bbox 845 3301 908 3353; x_wconf 92' lang='lat' dir='ltr'><strong>nudi</strong></span> <span class='ocrx_word' id='word_1_239' title='bbox 923 3317 969 3371; x_wconf 89' lang='lat' dir='ltr'><strong>per</strong></span> <span class='ocrx_word' id='word_1_240' title='bbox 986 3317 1080 3370; x_wconf 85' lang='lat' dir='ltr'><strong>opacas</strong></span> <span class='ocrx_word' id='word_1_241' title='bbox 1092 3302 1181 3355; x_wconf 88' lang='lat' dir='ltr'><strong>Indiae</strong></span> <span class='ocrx_word' id='word_1_242' title='bbox 1198 3302 1286 3354; x_wconf 89' lang='lat' dir='ltr'><strong>solitu·</strong></span> 
     </span>
     <span class='ocr_line' id='line_1_29' title="bbox 123 3367 1285 3440; baseline 0.001 -18"><span class='ocrx_word' id='word_1_243' title='bbox 123 3371 197 3423; x_wconf 90' lang='lat' dir='ltr'><strong>dines</strong></span> <span class='ocrx_word' id='word_1_244' title='bbox 209 3367 375 3438; x_wconf 80' lang='lat' dir='ltr'><strong>perhibentur</strong></span> <span class='ocrx_word' id='word_1_245' title='bbox 404 3367 569 3438; x_wconf 84' lang='lat' dir='ltr'><strong>hilosophari,</strong></span> <span class='ocrx_word' id='word_1_246' title='bbox 582 3367 733 3422; x_wconf 84' lang='lat' dir='ltr'><strong>adhibentes</strong></span> <span class='ocrx_word' id='word_1_247' title='bbox 745 3377 845 3422; x_wconf 88' lang='lat' dir='ltr'><strong>tantum</strong></span> <span class='ocrx_word' id='word_1_248' title='bbox 854 3371 1012 3439; x_wconf 82' lang='lat' dir='ltr'><strong>genitalibus</strong></span> <span class='ocrx_word' id='word_1_249' title='bbox 1023 3371 1147 3440; x_wconf 80' lang='lat' dir='ltr'><strong>tegmina.</strong></span> <span class='ocrx_word' id='word_1_250' title='bbox 1172 3370 1285 3438; x_wconf 78' lang='lat' dir='ltr'><strong>Gymna-</strong></span> 
     </span>
     <span class='ocr_line' id='line_1_30' title="bbox 123 3386 1285 3508; baseline -0.001 -17"><span class='ocrx_word' id='word_1_251' title='bbox 123 3439 194 3491; x_wconf 86' lang='lat' dir='ltr'><strong>sium</strong></span> <span class='ocrx_word' id='word_1_252' title='bbox 206 3438 274 3490; x_wconf 92' lang='lat' dir='ltr'><strong>enim</strong></span> <span class='ocrx_word' id='word_1_253' title='bbox 288 3455 322 3489; x_wconf 85' lang='lat' dir='ltr'><strong>ex</strong></span> <span class='ocrx_word' id='word_1_254' title='bbox 335 3455 364 3489; x_wconf 93' lang='lat' dir='ltr'><strong>eo</strong></span> <span class='ocrx_word' id='word_1_255' title='bbox 377 3386 474 3489; x_wconf 77' lang='lat' dir='ltr'><strong>dictum</strong></span> <span class='ocrx_word' id='word_1_256' title='bbox 487 3444 537 3500; x_wconf 85' lang='lat' dir='ltr'><strong>est,</strong></span> <span class='ocrx_word' id='word_1_257' title='bbox 555 3437 624 3507; x_wconf 90' lang='lat' dir='ltr'><strong>quod</strong></span> <span class='ocrx_word' id='word_1_258' title='bbox 635 3438 741 3490; x_wconf 85' lang='lat' dir='ltr'><strong>iuvenes</strong></span> <span class='ocrx_word' id='word_1_259' title='bbox 753 3438 816 3490; x_wconf 94' lang='lat' dir='ltr'><strong>nudi</strong></span> <span class='ocrx_word' id='word_1_260' title='bbox 828 3445 1009 3492; x_wconf 84' lang='lat' dir='ltr'><strong>exercerentur</strong></span> <span class='ocrx_word' id='word_1_261' title='bbox 1019 3439 1047 3491; x_wconf 91' lang='lat' dir='ltr'><strong>in</strong></span> <span class='ocrx_word' id='word_1_262' title='bbox 1060 3456 1164 3508; x_wconf 87' lang='lat' dir='ltr'><strong>campo,</strong></span> <span class='ocrx_word' id='word_1_263' title='bbox 1183 3439 1227 3490; x_wconf 93' lang='lat' dir='ltr'><strong>ubi</strong></span> <span class='ocrx_word' id='word_1_264' title='bbox 1239 3456 1285 3508; x_wconf 91' lang='lat' dir='ltr'><strong>pu-</strong></span> 
     </span>
     <span class='ocr_line' id='line_1_31' title="bbox 124 3505 1056 3575; baseline -0.001 -16"><span class='ocrx_word' id='word_1_265' title='bbox 124 3506 209 3559; x_wconf 88' lang='lat' dir='ltr'><strong>denda</strong></span> <span class='ocrx_word' id='word_1_266' title='bbox 221 3505 277 3558; x_wconf 88' lang='lat' dir='ltr'><strong>sola</strong></span> <span class='ocrx_word' id='word_1_267' title='bbox 290 3511 391 3557; x_wconf 90' lang='lat' dir='ltr'><strong>tantum</strong></span> <span class='ocrx_word' id='word_1_268' title='bbox 404 3523 431 3557; x_wconf 85' lang='lat' dir='ltr'><strong>se</strong></span> <span class='ocrx_word' id='word_1_269' title='bbox 445 3507 571 3575; x_wconf 86' lang='lat' dir='ltr'><strong>operiunt.</strong></span> <span class='ocrx_word' id='word_1_270' title='bbox 601 3506 633 3557; x_wconf 91' lang='lat' dir='ltr'><strong>Ili</strong></span> <span class='ocrx_word' id='word_1_271' title='bbox 645 3512 670 3557; x_wconf 90' lang='lat' dir='ltr'><strong>et</strong></span> <span class='ocrx_word' id='word_1_272' title='bbox 682 3522 698 3558; x_wconf 86' lang='lat' dir='ltr'><strong>a</strong></span> <span class='ocrx_word' id='word_1_273' title='bbox 709 3506 857 3575; x_wconf 83' lang='lat' dir='ltr'><strong>generando</strong></span> <span class='ocrx_word' id='word_1_274' title='bbox 870 3524 899 3558; x_wconf 89' lang='lat' dir='ltr'><strong>se</strong></span> <span class='ocrx_word' id='word_1_275' title='bbox 911 3507 1056 3560; x_wconf 88' lang='lat' dir='ltr'><strong>cohibent.&#39;&#39;</strong></span> 
     </span>
    </p>

    <p class='ocr_par' dir='ltr' id='par_1_11' title="bbox 122 3573 1287 4202">
     <span class='ocr_line' id='line_1_32' title="bbox 192 3573 1287 3654; baseline 0.002 -27"><span class='ocrx_word' id='word_1_276' title='bbox 192 3574 254 3654; x_wconf 81' lang='lat' dir='ltr'><strong>Cap.</strong></span> <span class='ocrx_word' id='word_1_277' title='bbox 266 3574 336 3627; x_wconf 85' lang='lat' dir='ltr'><strong>XVI.</strong></span> <span class='ocrx_word' id='word_1_278' title='bbox 351 3604 383 3611; x_wconf 94' lang='lat'><em>-</em></span> <span class='ocrx_word' id='word_1_279' title='bbox 404 3575 423 3626; x_wconf 90' lang='lat' dir='ltr'><strong>l.</strong></span> <span class='ocrx_word' id='word_1_280' title='bbox 443 3574 530 3628; x_wconf 87' lang='lat' dir='ltr'><strong>isidor.</strong></span> <span class='ocrx_word' id='word_1_281' title='bbox 544 3573 633 3643; x_wconf 80' lang='lat' dir='ltr'><strong>Origg.</strong></span> <span class='ocrx_word' id='word_1_282' title='bbox 647 3574 713 3639; x_wconf 83' lang='lat' dir='ltr'><strong>VIII,</strong></span> <span class='ocrx_word' id='word_1_283' title='bbox 726 3574 750 3638; x_wconf 86' lang='grc'><strong>6,</strong></span> <span class='ocrx_word' id='word_1_284' title='bbox 766 3574 803 3640; x_wconf 73' lang='lat' dir='ltr'><strong>IS,</strong></span> <span class='ocrx_word' id='word_1_285' title='bbox 828 3573 969 3645; x_wconf 85' lang='lat' dir='ltr'><strong>„Theologi</strong></span> <span class='ocrx_word' id='word_1_286' title='bbox 980 3581 1068 3628; x_wconf 90' lang='lat' dir='ltr'><strong>autem</strong></span> <span class='ocrx_word' id='word_1_287' title='bbox 1078 3575 1156 3627; x_wconf 87' lang='lat' dir='ltr'><strong>iidem</strong></span> <span class='ocrx_word' id='word_1_288' title='bbox 1168 3581 1230 3627; x_wconf 89' lang='lat' dir='ltr'><strong>sunt</strong></span> <span class='ocrx_word' id='word_1_289' title='bbox 1241 3578 1287 3646; x_wconf 89' lang='lat' dir='ltr'><strong>qui</strong></span> 
     </span>
     <span class='ocr_line' id='line_1_33' title="bbox 123 3641 1285 3762; baseline -0.001 -65"><span class='ocrx_word' id='word_1_290' title='bbox 123 3650 150 3697; x_wconf 81' lang='lat' dir='ltr'><strong>et</strong></span> <span class='ocrx_word' id='word_1_291' title='bbox 165 3641 276 3715; x_wconf 73' lang='lat' dir='ltr'><strong>physici.</strong></span> <span class='ocrx_word' id='word_1_292' title='bbox 307 3642 375 3694; x_wconf 85' lang='lat' dir='ltr'><strong>Dicti</strong></span> <span class='ocrx_word' id='word_1_293' title='bbox 392 3651 478 3694; x_wconf 87' lang='lat' dir='ltr'><strong>antem</strong></span> <span class='ocrx_word' id='word_1_294' title='bbox 497 3641 611 3709; x_wconf 73' lang='lat' dir='ltr'><strong>theologi</strong></span> <span class='ocrx_word' id='word_1_295' title='bbox 624 3644 751 3762; x_wconf 63' lang='lat' dir='ltr'><strong>,proriam</strong></span> <span class='ocrx_word' id='word_1_296' title='bbox 771 3644 797 3695; x_wconf 92' lang='lat' dir='ltr'><strong>in</strong></span> <span class='ocrx_word' id='word_1_297' title='bbox 815 3644 947 3714; x_wconf 89' lang='lat' dir='ltr'><strong>scripturis</strong></span> <span class='ocrx_word' id='word_1_298' title='bbox 966 3645 1020 3695; x_wconf 88' lang='lat' dir='ltr'><strong>suis</strong></span> <span class='ocrx_word' id='word_1_299' title='bbox 1042 3643 1073 3695; x_wconf 89' lang='lat' dir='ltr'><strong>de</strong></span> <span class='ocrx_word' id='word_1_300' title='bbox 1091 3642 1139 3694; x_wconf 90' lang='lat' dir='ltr'><strong>deo</strong></span> <span class='ocrx_word' id='word_1_301' title='bbox 1156 3642 1285 3696; x_wconf 83' lang='lat' dir='ltr'><strong>dixerunt.</strong></span> 
     </span>
     <span class='ocr_line' id='line_1_34' title="bbox 123 3708 1286 3782; baseline -0.001 -17"><span class='ocrx_word' id='word_1_302' title='bbox 123 3711 240 3776; x_wconf 80' lang='lat' dir='ltr'><strong>Quorum</strong></span> <span class='ocrx_word' id='word_1_303' title='bbox 249 3711 321 3763; x_wconf 84' lang='lat' dir='ltr'><strong>varia</strong></span> <span class='ocrx_word' id='word_1_304' title='bbox 330 3718 431 3764; x_wconf 89' lang='lat' dir='ltr'><strong>constat</strong></span> <span class='ocrx_word' id='word_1_305' title='bbox 443 3730 457 3763; x_wconf 94' lang='lat' dir='ltr'><strong>o</strong></span> <span class='ocrx_word' id='word_1_306' title='bbox 476 3713 538 3775; x_wconf 92' lang='lat' dir='ltr'><strong>inio,</strong></span> <span class='ocrx_word' id='word_1_307' title='bbox 550 3708 612 3780; x_wconf 91' lang='lat' dir='ltr'><strong>quid</strong></span> <span class='ocrx_word' id='word_1_308' title='bbox 642 3728 687 3763; x_wconf 89' lang='lat' dir='ltr'><strong>eus</strong></span> <span class='ocrx_word' id='word_1_309' title='bbox 700 3717 769 3764; x_wconf 86' lang='lat' dir='ltr'><strong>esset</strong></span> <span class='ocrx_word' id='word_1_310' title='bbox 779 3712 842 3765; x_wconf 90' lang='lat' dir='ltr'><strong>dnm</strong></span> <span class='ocrx_word' id='word_1_311' title='bbox 852 3718 1011 3782; x_wconf 87' lang='lat' dir='ltr'><strong>quaererent.</strong></span> <span class='ocrx_word' id='word_1_312' title='bbox 1029 3711 1140 3774; x_wconf 83' lang='lat' dir='ltr'><strong>Quidam</strong></span> <span class='ocrx_word' id='word_1_313' title='bbox 1150 3712 1220 3763; x_wconf 89' lang='lat' dir='ltr'><strong>enim</strong></span> <span class='ocrx_word' id='word_1_314' title='bbox 1232 3729 1286 3764; x_wconf 92' lang='lat' dir='ltr'><strong>cor·</strong></span> 
     </span>
     <span class='ocr_line' id='line_1_35' title="bbox 123 3729 1286 3851; baseline -0.001 -17"><span class='ocrx_word' id='word_1_315' title='bbox 123 3797 203 3851; x_wconf 89' lang='lat' dir='ltr'><strong>poreo</strong></span> <span class='ocrx_word' id='word_1_316' title='bbox 216 3796 295 3832; x_wconf 87' lang='lat' dir='ltr'><strong>sensu</strong></span> <span class='ocrx_word' id='word_1_317' title='bbox 307 3778 375 3831; x_wconf 89' lang='lat' dir='ltr'><strong>hunc</strong></span> <span class='ocrx_word' id='word_1_318' title='bbox 392 3729 518 3832; x_wconf 69' lang='lat' dir='ltr'><strong>manlium</strong></span> <span class='ocrx_word' id='word_1_319' title='bbox 536 3781 662 3832; x_wconf 87' lang='lat' dir='ltr'><strong>visibilem</strong></span> <span class='ocrx_word' id='word_1_320' title='bbox 680 3798 713 3832; x_wconf 86' lang='lat' dir='ltr'><strong>ex</strong></span> <span class='ocrx_word' id='word_1_321' title='bbox 726 3788 836 3849; x_wconf 89' lang='lat' dir='ltr'><strong>quatuor</strong></span> <span class='ocrx_word' id='word_1_322' title='bbox 852 3782 986 3833; x_wconf 86' lang='lat' dir='ltr'><strong>elementis</strong></span> <span class='ocrx_word' id='word_1_323' title='bbox 999 3781 1076 3831; x_wconf 89' lang='lat' dir='ltr'><strong>deum</strong></span> <span class='ocrx_word' id='word_1_324' title='bbox 1088 3796 1145 3832; x_wconf 84' lang='lat' dir='ltr'><strong>esse</strong></span> <span class='ocrx_word' id='word_1_325' title='bbox 1157 3780 1286 3843; x_wconf 85' lang='lat' dir='ltr'><strong>dixerunt,</strong></span> 
     </span>
     <span class='ocr_line' id='line_1_36' title="bbox 124 3848 1286 3919; baseline -0.001 -17"><span class='ocrx_word' id='word_1_326' title='bbox 124 3854 153 3903; x_wconf 89' lang='lat' dir='ltr'><strong>nt</strong></span> <span class='ocrx_word' id='word_1_327' title='bbox 164 3848 232 3902; x_wconf 88' lang='lat' dir='ltr'><strong>Dion</strong></span> <span class='ocrx_word' id='word_1_328' title='bbox 252 3849 306 3900; x_wconf 89' lang='lat' dir='ltr'><strong>sins</strong></span> <span class='ocrx_word' id='word_1_329' title='bbox 319 3848 430 3900; x_wconf 86' lang='lat' dir='ltr'><strong>Stoicus.</strong></span> <span class='ocrx_word' id='word_1_330' title='bbox 450 3850 501 3900; x_wconf 86' lang='lat' dir='ltr'><strong>Alii</strong></span> <span class='ocrx_word' id='word_1_331' title='bbox 513 3866 572 3901; x_wconf 84' lang='lat' dir='ltr'><strong>vero</strong></span> <span class='ocrx_word' id='word_1_332' title='bbox 586 3849 753 3919; x_wconf 83' lang='lat' dir='ltr'><strong>spiritualiter</strong></span> <span class='ocrx_word' id='word_1_333' title='bbox 764 3851 949 3901; x_wconf 86' lang='lat' dir='ltr'><strong>intellexerunt</strong></span> <span class='ocrx_word' id='word_1_334' title='bbox 959 3854 1073 3900; x_wconf 88' lang='lat' dir='ltr'><strong>mentem</strong></span> <span class='ocrx_word' id='word_1_335' title='bbox 1086 3864 1143 3900; x_wconf 87' lang='lat' dir='ltr'><strong>esse</strong></span> <span class='ocrx_word' id='word_1_336' title='bbox 1155 3848 1239 3912; x_wconf 87' lang='lat' dir='ltr'><strong>deum,</strong></span> <span class='ocrx_word' id='word_1_337' title='bbox 1257 3856 1286 3901; x_wconf 89' lang='lat' dir='ltr'><strong>nt</strong></span> 
     </span>
     <span class='ocr_line' id='line_1_37' title="bbox 122 3913 1286 3981; baseline -0.002 -10"><span class='ocrx_word' id='word_1_338' title='bbox 122 3916 218 3971; x_wconf 74' lang='lat' dir='ltr'><strong>Thales</strong></span> <span class='ocrx_word' id='word_1_339' title='bbox 260 3917 355 3968; x_wconf 80' lang='lat' dir='ltr'><strong>&#39;csius</strong></span> <span class='ocrx_word' id='word_1_340' title='bbox 381 3916 490 3978; x_wconf 86' lang='lat' dir='ltr'><strong>Quidam</strong></span> <span class='ocrx_word' id='word_1_341' title='bbox 503 3924 552 3968; x_wconf 86' lang='lat' dir='ltr'><strong>ets</strong></span> <span class='ocrx_word' id='word_1_342' title='bbox 571 3919 659 3969; x_wconf 87' lang='lat' dir='ltr'><strong>iritum</strong></span> <span class='ocrx_word' id='word_1_343' title='bbox 671 3923 697 3969; x_wconf 88' lang='lat' dir='ltr'><strong>et</strong></span> <span class='ocrx_word' id='word_1_344' title='bbox 707 3924 829 3981; x_wconf 86' lang='lat' dir='ltr'><strong>mentem,</strong></span> <span class='ocrx_word' id='word_1_345' title='bbox 848 3924 876 3968; x_wconf 89' lang='lat' dir='ltr'><strong>ut</strong></span> <span class='ocrx_word' id='word_1_346' title='bbox 886 3918 968 3969; x_wconf 89' lang='lat' dir='ltr'><strong>Maro.</strong></span> <span class='ocrx_word' id='word_1_347' title='bbox 997 3915 1035 3968; x_wconf 82' lang='lat'><strong>19.</strong></span> <span class='ocrx_word' id='word_1_348' title='bbox 1047 3913 1159 3978; x_wconf 79' lang='lat' dir='ltr'><strong>Quidam</strong></span> <span class='ocrx_word' id='word_1_349' title='bbox 1169 3917 1286 3969; x_wconf 86' lang='lat' dir='ltr'><strong>animum</strong></span> 
     </span>
     <span class='ocr_line' id='line_1_38' title="bbox 123 3935 1286 4057; baseline -0.002 -16"><span class='ocrx_word' id='word_1_350' title='bbox 123 3986 152 4041; x_wconf 91' lang='lat' dir='ltr'><strong>in</strong></span> <span class='ocrx_word' id='word_1_351' title='bbox 163 3986 285 4039; x_wconf 89' lang='lat' dir='ltr'><strong>omnibns</strong></span> <span class='ocrx_word' id='word_1_352' title='bbox 297 3990 446 4037; x_wconf 86' lang='lat' dir='ltr'><strong>manantem</strong></span> <span class='ocrx_word' id='word_1_353' title='bbox 458 3991 484 4037; x_wconf 86' lang='lat' dir='ltr'><strong>et</strong></span> <span class='ocrx_word' id='word_1_354' title='bbox 495 3935 616 4049; x_wconf 73' lang='lat' dir='ltr'><strong>lucicihm,</strong></span> <span class='ocrx_word' id='word_1_355' title='bbox 629 3992 657 4038; x_wconf 88' lang='lat' dir='ltr'><strong>ut</strong></span> <span class='ocrx_word' id='word_1_356' title='bbox 668 3986 843 4057; x_wconf 76' lang='lat' dir='ltr'><strong>Pythagoras:</strong></span> <span class='ocrx_word' id='word_1_357' title='bbox 856 3985 961 4054; x_wconf 92' lang='lat' dir='ltr'><strong>quidam</strong></span> <span class='ocrx_word' id='word_1_358' title='bbox 970 3984 1046 4037; x_wconf 87' lang='lat' dir='ltr'><strong>deum</strong></span> <span class='ocrx_word' id='word_1_359' title='bbox 1058 3984 1114 4037; x_wconf 86' lang='lat' dir='ltr'><strong>siue</strong></span> <span class='ocrx_word' id='word_1_360' title='bbox 1122 3991 1238 4055; x_wconf 86' lang='lat' dir='ltr'><strong>tempore</strong></span> <span class='ocrx_word' id='word_1_361' title='bbox 1246 3987 1286 4039; x_wconf 92' lang='lat' dir='ltr'><strong>in·</strong></span> 
     </span>
     <span class='ocr_line' id='line_1_39' title="bbox 124 4052 1285 4122; baseline -0.003 -13"><span class='ocrx_word' id='word_1_362' title='bbox 124 4053 349 4117; x_wconf 83' lang='lat' dir='ltr'><strong>commutabilem,</strong></span> <span class='ocrx_word' id='word_1_363' title='bbox 367 4059 396 4104; x_wconf 90' lang='lat' dir='ltr'><strong>ut</strong></span> <span class='ocrx_word' id='word_1_364' title='bbox 411 4052 495 4105; x_wconf 89' lang='lat' dir='ltr'><strong>Plato:</strong></span> <span class='ocrx_word' id='word_1_365' title='bbox 515 4055 620 4122; x_wconf 88' lang='lat' dir='ltr'><strong>quidam</strong></span> <span class='ocrx_word' id='word_1_366' title='bbox 632 4054 709 4106; x_wconf 90' lang='lat' dir='ltr'><strong>deum</strong></span> <span class='ocrx_word' id='word_1_367' title='bbox 721 4061 834 4106; x_wconf 88' lang='lat' dir='ltr'><strong>mentem</strong></span> <span class='ocrx_word' id='word_1_368' title='bbox 846 4054 967 4117; x_wconf 89' lang='lat' dir='ltr'><strong>solutam,</strong></span> <span class='ocrx_word' id='word_1_369' title='bbox 981 4058 1010 4104; x_wconf 89' lang='lat' dir='ltr'><strong>nt</strong></span> <span class='ocrx_word' id='word_1_370' title='bbox 1021 4052 1118 4107; x_wconf 87' lang='lat' dir='ltr'><strong>Cicero.</strong></span> <span class='ocrx_word' id='word_1_371' title='bbox 1146 4053 1285 4106; x_wconf 83' lang='lat' dir='ltr'><strong>Inventum</strong></span> 
     </span>
     <span class='ocr_line' id='line_1_40' title="bbox 124 4122 1284 4202; baseline -0.002 -26"><span class='ocrx_word' id='word_1_372' title='bbox 124 4124 195 4176; x_wconf 82' lang='lat' dir='ltr'><strong>enim</strong></span> <span class='ocrx_word' id='word_1_373' title='bbox 206 4122 371 4174; x_wconf 86' lang='lat' dir='ltr'><strong>solummodo</strong></span> <span class='ocrx_word' id='word_1_374' title='bbox 383 4122 468 4185; x_wconf 89' lang='lat' dir='ltr'><strong>deum,</strong></span> <span class='ocrx_word' id='word_1_375' title='bbox 480 4139 534 4174; x_wconf 93' lang='lat' dir='ltr'><strong>non</strong></span> <span class='ocrx_word' id='word_1_376' title='bbox 545 4130 574 4174; x_wconf 91' lang='lat' dir='ltr'><strong>ut</strong></span> <span class='ocrx_word' id='word_1_377' title='bbox 584 4124 740 4176; x_wconf 88' lang='lat' dir='ltr'><strong>invenerunt</strong></span> <span class='ocrx_word' id='word_1_378' title='bbox 751 4127 940 4192; x_wconf 84' lang='lat' dir='ltr'><strong>exposuerunt,</strong></span> <span class='ocrx_word' id='word_1_379' title='bbox 959 4122 1020 4202; x_wconf 77' lang='lat' dir='ltr'><strong>quia</strong></span> <span class='ocrx_word' id='word_1_380' title='bbox 1032 4128 1193 4174; x_wconf 77' lang='lat' dir='ltr'><strong>evanuerunt</strong></span> <span class='ocrx_word' id='word_1_381' title='bbox 1203 4123 1230 4174; x_wconf 89' lang='lat' dir='ltr'><strong>in</strong></span> <span class='ocrx_word' id='word_1_382' title='bbox 1243 4139 1284 4175; x_wconf 92' lang='lat' dir='ltr'><strong>co-</strong></span> 
     </span>
    </p>

    <p class='ocr_par' dir='ltr' id='par_1_12' title="bbox 143 4189 1285 4315">
     <span class='ocr_line' id='line_1_41' title="bbox 144 4189 1285 4261; baseline -0.001 -16"><span class='ocrx_word' id='word_1_383' title='bbox 144 4192 294 4245; x_wconf 81' lang='lat' dir='ltr'><strong>‘tationibus</strong></span> <span class='ocrx_word' id='word_1_384' title='bbox 307 4191 370 4243; x_wconf 90' lang='lat' dir='ltr'><strong>suis.</strong></span> <span class='ocrx_word' id='word_1_385' title='bbox 396 4191 516 4242; x_wconf 86' lang='lat' dir='ltr'><strong>Dicontes</strong></span> <span class='ocrx_word' id='word_1_386' title='bbox 530 4191 599 4243; x_wconf 87' lang='lat' dir='ltr'><strong>enirn</strong></span> <span class='ocrx_word' id='word_1_387' title='bbox 612 4209 669 4245; x_wconf 88' lang='lat' dir='ltr'><strong>esse</strong></span> <span class='ocrx_word' id='word_1_388' title='bbox 681 4193 812 4261; x_wconf 87' lang='lat' dir='ltr'><strong>sapientes</strong></span> <span class='ocrx_word' id='word_1_389' title='bbox 823 4189 897 4243; x_wconf 86' lang='lat' dir='ltr'><strong>stulti</strong></span> <span class='ocrx_word' id='word_1_390' title='bbox 908 4189 970 4242; x_wconf 80' lang='lat' dir='ltr'><strong>iactr</strong></span> <span class='ocrx_word' id='word_1_391' title='bbox 983 4189 1067 4242; x_wconf 79' lang='lat' dir='ltr'><strong>suut.&#39;&#39;</strong></span> <span class='ocrx_word' id='word_1_392' title='bbox 1128 4190 1152 4243; x_wconf 76' lang='lat'><strong>2.</strong></span> <span class='ocrx_word' id='word_1_393' title='bbox 1171 4190 1249 4259; x_wconf 75' lang='lat' dir='ltr'><strong>Valqo</strong></span> <span class='ocrx_word' id='word_1_394' title='bbox 1257 4192 1285 4244; x_wconf 93' lang='lat' dir='ltr'><strong>in</strong></span> 
     </span>
     <span class='ocr_line' id='line_1_42' title="bbox 143 4261 442 4315; baseline -0.02 0"><span class='ocrx_word' id='word_1_395' title='bbox 143 4261 274 4315; x_wconf 86' lang='lat' dir='ltr'><strong>ominibus</strong></span> <span class='ocrx_word' id='word_1_396' title='bbox 287 4266 442 4311; x_wconf 85' lang='lat' dir='ltr'><strong>manentem.</strong></span> 
     </span>
    </p>
   </div>
   <div class='ocr_carea' id='block_1_7' title="bbox 124 4342 1285 4555">
    <p class='ocr_par' dir='ltr' id='par_1_13' title="bbox 124 4342 1285 4555">
     <span class='ocr_line' id='line_1_43' title="bbox 159 4342 1284 4415; baseline -0.002 -16"><span class='ocrx_word' id='word_1_397' title='bbox 159 4345 221 4415; x_wconf 79' lang='lat' dir='ltr'><strong>Gap.</strong></span> <span class='ocrx_word' id='word_1_398' title='bbox 235 4344 317 4397; x_wconf 86' lang='lat' dir='ltr'><strong>XVII.</strong></span> <span class='ocrx_word' id='word_1_399' title='bbox 331 4374 363 4382; x_wconf 92' lang='lat'><strong>—-</strong></span> <span class='ocrx_word' id='word_1_400' title='bbox 379 4344 399 4394; x_wconf 90' lang='lat' dir='ltr'><strong>I.</strong></span> <span class='ocrx_word' id='word_1_401' title='bbox 411 4342 500 4395; x_wconf 91' lang='lat' dir='ltr'><strong>Isidor.</strong></span> <span class='ocrx_word' id='word_1_402' title='bbox 514 4342 604 4413; x_wconf 77' lang='lat' dir='ltr'><strong>Origg.</strong></span> <span class='ocrx_word' id='word_1_403' title='bbox 618 4345 684 4409; x_wconf 85' lang='lat' dir='ltr'><strong>VIII,</strong></span> <span class='ocrx_word' id='word_1_404' title='bbox 698 4345 721 4408; x_wconf 88' lang='lat'><strong>6,</strong></span> <span class='ocrx_word' id='word_1_405' title='bbox 734 4345 775 4398; x_wconf 72' lang='lat'><strong>20.</strong></span> <span class='ocrx_word' id='word_1_406' title='bbox 795 4343 876 4409; x_wconf 86' lang='lat' dir='ltr'><strong>„Item</strong></span> <span class='ocrx_word' id='word_1_407' title='bbox 887 4343 1013 4397; x_wconf 85' lang='lat' dir='ltr'><strong>Platonici</strong></span> <span class='ocrx_word' id='word_1_408' title='bbox 1030 4343 1134 4413; x_wconf 90' lang='lat' dir='ltr'><strong>quidem</strong></span> <span class='ocrx_word' id='word_1_409' title='bbox 1151 4344 1229 4397; x_wconf 89' lang='lat' dir='ltr'><strong>deum</strong></span> <span class='ocrx_word' id='word_1_410' title='bbox 1241 4361 1284 4397; x_wconf 91' lang='lat' dir='ltr'><strong>cu·</strong></span> 
     </span>
     <span class='ocr_line' id='line_1_44' title="bbox 125 4411 1285 4482; baseline 0 -15"><span class='ocrx_word' id='word_1_411' title='bbox 125 4419 236 4467; x_wconf 75' lang='lat' dir='ltr'><strong>retorem</strong></span> <span class='ocrx_word' id='word_1_412' title='bbox 248 4420 274 4465; x_wconf 88' lang='lat' dir='ltr'><strong>et</strong></span> <span class='ocrx_word' id='word_1_413' title='bbox 285 4413 410 4464; x_wconf 88' lang='lat' dir='ltr'><strong>arbitrum</strong></span> <span class='ocrx_word' id='word_1_414' title='bbox 423 4417 449 4462; x_wconf 88' lang='lat' dir='ltr'><strong>et</strong></span> <span class='ocrx_word' id='word_1_415' title='bbox 460 4411 571 4464; x_wconf 86' lang='lat' dir='ltr'><strong>iudicem</strong></span> <span class='ocrx_word' id='word_1_416' title='bbox 583 4419 711 4476; x_wconf 87' lang='lat' dir='ltr'><strong>asserunt,</strong></span> <span class='ocrx_word' id='word_1_417' title='bbox 723 4413 843 4482; x_wconf 87' lang='lat' dir='ltr'><strong>Epicurei</strong></span> <span class='ocrx_word' id='word_1_418' title='bbox 856 4414 969 4466; x_wconf 92' lang='lat' dir='ltr'><strong>otiosum</strong></span> <span class='ocrx_word' id='word_1_419' title='bbox 981 4418 1006 4465; x_wconf 88' lang='lat' dir='ltr'><strong>et</strong></span> <span class='ocrx_word' id='word_1_420' title='bbox 1016 4413 1223 4466; x_wconf 86' lang='lat' dir='ltr'><strong>inexercitatum.</strong></span> <span class='ocrx_word' id='word_1_421' title='bbox 1247 4414 1285 4467; x_wconf 89' lang='lat' dir='ltr'><strong>De</strong></span> 
     </span>
     <span class='ocr_line' id='line_1_45' title="bbox 124 4480 1284 4555; baseline 0 -18"><span class='ocrx_word' id='word_1_422' title='bbox 124 4483 222 4537; x_wconf 86' lang='lat' dir='ltr'><strong>mundo</strong></span> <span class='ocrx_word' id='word_1_423' title='bbox 235 4486 330 4548; x_wconf 86' lang='lat' dir='ltr'><strong>autern,</strong></span> <span class='ocrx_word' id='word_1_424' title='bbox 342 4480 468 4533; x_wconf 88' lang='lat' dir='ltr'><strong>Platonici</strong></span> <span class='ocrx_word' id='word_1_425' title='bbox 478 4480 609 4534; x_wconf 87' lang='lat' dir='ltr'><strong>affirmant</strong></span> <span class='ocrx_word' id='word_1_426' title='bbox 620 4482 817 4552; x_wconf 85' lang='lat' dir='ltr'><strong>incorporalem,</strong></span> <span class='ocrx_word' id='word_1_427' title='bbox 829 4482 874 4534; x_wconf 92' lang='lat' dir='ltr'><strong>sed</strong></span> <span class='ocrx_word' id='word_1_428' title='bbox 884 4482 966 4537; x_wconf 82' lang='lat' dir='ltr'><strong>Stoici</strong></span> <span class='ocrx_word' id='word_1_429' title='bbox 978 4482 1147 4555; x_wconf 80' lang='lat' dir='ltr'><strong>corporalem,</strong></span> <span class='ocrx_word' id='word_1_430' title='bbox 1158 4482 1284 4553; x_wconf 84' lang='lat' dir='ltr'><strong>Epicurus</strong></span> 
     </span>
    </p>
   </div>
   <div class='ocr_carea' id='block_1_8' title="bbox 126 4548 914 4690">
    <p class='ocr_par' dir='ltr' id='par_1_14' title="bbox 126 4548 914 4690">
     <span class='ocr_line' id='line_1_46' title="bbox 126 4548 914 4619; baseline 0 -12"><span class='ocrx_word' id='word_1_431' title='bbox 126 4568 161 4607; x_wconf 83' lang='lat' dir='ltr'><strong>ex</strong></span> <span class='ocrx_word' id='word_1_432' title='bbox 172 4551 274 4614; x_wconf 87' lang='lat' dir='ltr'><strong>atomis,</strong></span> <span class='ocrx_word' id='word_1_433' title='bbox 286 4550 305 4602; x_wconf 94' lang='lat' dir='ltr'><strong>P</strong></span> <span class='ocrx_word' id='word_1_434' title='bbox 324 4548 447 4618; x_wconf 84' lang='lat' dir='ltr'><strong>thagoras</strong></span> <span class='ocrx_word' id='word_1_435' title='bbox 460 4565 493 4600; x_wconf 81' lang='lat' dir='ltr'><strong>ex</strong></span> <span class='ocrx_word' id='word_1_436' title='bbox 506 4551 628 4614; x_wconf 88' lang='lat' dir='ltr'><strong>numeris,</strong></span> <span class='ocrx_word' id='word_1_437' title='bbox 640 4551 768 4607; x_wconf 81' lang='lat' dir='ltr'><strong>Eraclitus</strong></span> <span class='ocrx_word' id='word_1_438' title='bbox 781 4567 815 4603; x_wconf 85' lang='lat' dir='ltr'><strong>ex</strong></span> <span class='ocrx_word' id='word_1_439' title='bbox 826 4550 914 4619; x_wconf 77' lang='lat' dir='ltr'><strong>igne.&#39;¹</strong></span> 
     </span>
     <span class='ocr_line' id='line_1_47' title="bbox 177 4567 627 4690; baseline -0.002 -16"><span class='ocrx_word' id='word_1_440' title='bbox 177 4618 239 4690; x_wconf 83' lang='lat' dir='ltr'><strong>Gap.</strong></span> <span class='ocrx_word' id='word_1_441' title='bbox 252 4567 346 4674; x_wconf 69' lang='lat' dir='ltr'><strong>XVhl.</strong></span> <span class='ocrx_word' id='word_1_442' title='bbox 358 4649 391 4658; x_wconf 87' lang='lat'>-</span> <span class='ocrx_word' id='word_1_443' title='bbox 405 4617 426 4670; x_wconf 93' lang='lat'><strong>1.</strong></span> <span class='ocrx_word' id='word_1_444' title='bbox 438 4616 469 4669; x_wconf 92' lang='lat' dir='ltr'><strong>II.</strong></span> <span class='ocrx_word' id='word_1_445' title='bbox 481 4616 546 4686; x_wconf 83' lang='lat' dir='ltr'><strong>Reg.</strong></span> <span class='ocrx_word' id='word_1_446' title='bbox 559 4617 591 4682; x_wconf 88' lang='lat' dir='ltr'><strong>II,</strong></span> <span class='ocrx_word' id='word_1_447' title='bbox 603 4618 627 4674; x_wconf 77' lang='lat' dir='ltr'><strong>d.</strong></span> 
     </span>
    </p>
   </div>
   <div class='ocr_carea' id='block_1_9' title="bbox 0 0 1528 5124">
    <p class='ocr_par' dir='ltr' id='par_1_15' title="bbox 0 0 1528 5124">
     <span class='ocr_line' id='line_1_48' title="bbox 0 0 1528 5124; baseline 0 0"><span class='ocrx_word' id='word_1_448' title='bbox 0 0 1528 5124; x_wconf 95' lang='lat' dir='ltr'><strong> </strong></span> 
     </span>
    </p>
   </div>
  </div>
 </body>
</html>
