3046 5124
258 354 319 419 352
659 353 1005 405 enuunnrrnassmmusrs

258 507 387 573 ²timore
409 513 571 593 superatus
589 513 797 574 truncaverit:
819 532 920 595 neque
942 511 1031 575 illum
1052 510 1106 595 qui
1125 532 1238 577 usuras
1257 516 1415 598 accepisse

259 611 462 693 convincitur,
474 614 569 675 autin
582 633 675 675 scona
687 611 800 677 lusisse
811 614 1017 679 ³din0scitur:
1030 633 1131 697 neque
1144 636 1216 678 eum
1228 615 1282 699 qui
1293 615 1417 700 publiea

258 715 451 799 paenitentia
465 715 607 779 mortalia
621 716 753 778 crimina
767 716 876 779 deflet:
897 737 998 800 neque
1020 716 1108 781 illurn
1125 718 1181 801 qni
1200 717 1368 801 aliquando
1382 718 1415 781 in

258 819 368 881 furiam
384 838 492 881 versus
506 817 665 900 insanivit,
679 819 728 881 vel
743 818 909 882 afflictione
926 818 1041 884 diaboli
1052 826 1184 884 vexatus
1196 826 1261 885 ost:
1276 840 1415 884 neceam

259 922 311 1003 qui
326 940 382 1005 per
396 920 599 984 ambitionem
613 920 654 985 ad
667 923 875 985 imitationem
890 921 1028 985 Simonis
1042 912 1126 1005 magi
1137 926 1308 1007 pecuniam
1319 924 1413 987 oiiert.

132 1050 239 1113 cassu.
321 1022 506 1086 Sanctorum
522 1044 659 1108 corpora,
675 1028 706 1085 et
719 1023 887 1109 praecipue
903 1024 1065 1088 beatorum
1075 1031 1249 1107 martpnum
1260 1026 1414 1109 reliquias,

60 1102 120 1153 ‘⁰⁸⁹'
135 1101 238 1152 ΜΠ)
257 1146 293 1189 ac
310 1128 336 1188 si
352 1125 621 1190 (tristimoniam
642 1125 854 1189 sincerissime
869 1125 1066 1209 honoranda,
1086 1133 1118 1190 et
1137 1128 1288 1191 basilicas
1311 1147 1413 1193 eorum

257 1228 436 1292 nominibus
452 1227 637 1311 appellatas,
652 1227 838 1292 velut1lcca
853 1228 958 1293 divino
975 1228 1070 1293 cultui
1085 1230 1282 1317 mancipata,
1304 1230 1412 1294 affeetu

257 1330 397 1415 piissimo
419 1330 508 1393 etde
531 1331 653 1394 votione
675 1330 858 1394 fidelissima
879 1331 1039 1395 adeundas
1060 1330 1246 1396 ²credimus.
1291 1330 1325 1396 Si
1347 1334 1413 1416 quis

257 1439 366 1497 contra
377 1434 457 1496 hanc
473 1433 660 1496 sententiam
674 1434 782 1515 ³venit‚
794 1453 856 1499 non
869 1432 1075 1516 Christianus,
1090 1433 1146 1498 sed
1157 1434 1373 1499 Eunomianns
1384 1442 1414 1497 et

256 1536 485 1618 i’igilantianus
499 1534 655 1600 ⁴creditur.
811 1602 822 1619 ,

121 1666 170 1715 ess.
184 1666 239 1706 mr.
319 1638 489 1722 baptizatis
510 1644 630 1700 tentum
645 1640 706 1700 iter
726 1658 794 1701 esso
816 1638 926 1702 salutis
938 1638 1103 1704 credimus.
1127 1638 1257 1704 Nullum
1269 1638 1412 1704 catechu-

60 1716 120 1770 (ω’
135 1717 237 1769 ffiw')
255 1761 393 1819 menum,
410 1742 550 1822 quamvis
561 1742 594 1803 in
609 1740 699 1804 bonis
712 1742 857 1825 operibus
869 1740 1060 1823 defunctum,
1074 1741 1173 1805 vitam
1184 1748 1346 1807 aeternam
1360 1742 1411 1805 ha·

255 1844 328 1907 bere
356 1841 526 1925 credimus,
550 1849 677 1927 excepto
701 1846 865 1926 martyrio,
887 1844 942 1907 nbi
963 1850 1030 1909 tcta
1050 1844 1200 1929 baptismi
1220 1851 1412 1909 sacramenta

257 1946 461 2030 complentur.
499 1945 706 2029 Baptiaandus
723 1946 887 2010 confitetur
906 1946 1000 2011 fidem
1017 1967 1105 2010 suam
1121 1968 1228 2013 coram
1242 1946 1411 2019 sacerdote,

256 2056 287 2112 et
302 2049 508 2131 interrogatus
523 2047 703 2133 respondet:
723 2047 781 2113 hoc
802 2054 834 2111 et
847 2055 965 2132 martyr
986 2070 1089 2114 coram
1108 2056 1310 2131 persecutore
1330 2050 1411 2129 facit,

256 2155 308 2236 qui
324 2159 356 2215 et
371 2152 536 2216 confitetur
551 2150 644 2214 tidem
659 2172 758 2231 suam,
779 2158 810 2215 et
824 2151 1033 2234 interrogatus
1052 2152 1232 2237 respondet.
1268 2152 1326 2217 Ille
1344 2158 1411 2237 post

257 2257 484 2323 confessionem
499 2239 549 2318 ubl
564 2253 757 2339 adspergitur
772 2274 862 2339 aqua,
877 2254 929 2317 vel
943 2256 1145 2337 intinguitur:
1161 2254 1211 2319 ¹et
1226 2253 1277 2319 hic
1293 2254 1344 2319 vel
1357 2252 1409 2317 sd-

256 2361 410 2443 spcrgitur
424 2359 583 2440 sanguine,
601 2356 651 2420 vel
665 2354 868 2439 ²intinguitur
882 2358 963 2440 igne.
1006 2356 1062 2420 llle
1082 2377 1194 2421 manus
1213 2356 1409 2443 impositione

254 2462 412 2545 pontiticis
429 2460 545 2543 accipit
559 2461 702 2544 spiritum
717 2465 876 2523 sanctum:
898 2460 950 2523 hio
969 2457 1174 2525 ³loeutorium
1193 2460 1332 2524 efficitur
1350 2462 1409 2545 spi-

222 2628 226 2635 ,
255 2566 333 2627 ritus
349 2565 460 2641 saneti,
476 2561 549 2625 dum
565 2583 625 2625 non
641 2568 689 2624 ost
703 2563 768 2646 ipse
782 2562 834 2644 qni
845 2562 991 2645 loquitur,
1007 2560 1063 2625 sed
1074 2562 1203 2647 spiritns
1217 2561 1231 2599 ⁴
1237 2564 1349 2648 patris,
1362 2562 1409 2645 qui

254 2666 391 2749 loquitur
404 2668 438 2729 in
453 2664 515 2728 illo.
552 2663 607 2727 Ille
623 2666 833 2728 communicat
846 2664 1052 2728 eucharistiae
1071 2667 1104 2728 in
1119 2668 1409 2730 commemoratione

254 2771 363 2832 mortis
390 2768 522 2831 domini:
548 2765 598 2831 hic
620 2766 679 2851 ipsi
703 2766 826 2831 Christo
849 2767 1058 2831 commoritur.
1105 2766 1162 2831 Ille
1188 2768 1357 2834 confitetur
1379 2788 1409 2831 se

254 2872 362 2934 mundi
385 2871 508 2934 actibus
532 2872 793 2933 renuntiaturum:
816 2870 867 2933 hic
887 2869 948 2954 ipsi
968 2868 1128 2933 renuntiat
1143 2870 1239 2935 vitae.
1275 2870 1327 2936 Illi
1339 2890 1409 2957 pec·

255 2980 324 3037 eata
339 2975 444 3037 omnia
459 2974 671 3037 dimittuntur:
685 2972 719 3035 in
735 2974 795 3036 isto
810 2972 1042 3054 extinguuntur.

108 3102 157 3153 es).
171 3102 236 3165 mar.
316 3077 353 3139 In
365 3075 552 3138 eucharistia
566 3095 628 3139 non
644 3075 737 3139 debet
751 3096 829 3159 pura
843 3094 924 3159 aqua
939 3076 1037 3157 efferi,
1049 3081 1086 3139 ut
1097 3075 1225 3159 qnidam
1236 3076 1410 3143 sobrietatis

69 3154 128 3205 (ω’
143 3154 234 3204 Lm)
254 3178 402 3241 falluntur
417 3179 561 3259 imagine,
577 3178 633 3241 sed
648 3177 754 3267 vinum
769 3196 840 3241 cum
855 3198 936 3261 aqua
946 3180 1094 3256 mixtnm3
1110 3181 1183 3263 quia
1193 3185 1226 3243 et
1236 3182 1346 3243 vinum
1357 3180 1411 3243 init

253 3283 284 3344 in
302 3280 526 3364 redemptionis
541 3286 665 3344 nostrae
679 3282 838 3363 mysterio,
859 3300 929 3344 curn
946 3280 1039 3345 dixit:
1060 3280 1152 3345 ¹Noa
1167 3280 1274 3345 &bam
1288 3306 1310 3347 a
1322 3284 1409 3348 moda

253 3386 290 3447 dc
304 3383 361 3447 boc
374 3385 528 3467 pcaiaa'ae
541 3386 631 3446 cit-b:
645 3389 675 3446 et
686 3404 766 3466 aqua
775 3385 919 3464 mixtum,
934 3381 1036 3466 ²quod
1046 3390 1118 3468 post
1128 3404 1260 3449 caenam
1272 3386 1409 3451 dabatur.

252 3486 315 3551 Sed
332 3493 363 3549 et
378 3485 416 3548 de
431 3484 527 3549 latere
543 3485 624 3567 eius,
645 3486 727 3569 quod
748 3485 857 3551 lancea
876 3486 1051 3571 perfossum
1071 3491 1134 3569 est,
1154 3506 1238 3571 aqua
1252 3508 1326 3553 cum
1340 3510 1407 3553 snu-

253 3593 345 3672 guine
362 3610 487 3672 egressa
500 3588 609 3652 vinum
624 3588 662 3651 de
677 3609 751 3651 vera
765 3590 832 3653 eius
847 3588 950 3653 earnis
965 3588 1030 3652 vite
1045 3608 1116 3653 curn
1131 3610 1214 3673 aqua
1228 3612 1407 3677 expressum

252 3692 435 3758 ostenditur.

56 3812 234 3914 (mppxrxnpp).
314 3796 402 3860 Bona
417 3800 465 3859 est
480 3817 551 3860 earo
566 3802 687 3877 nostra,
710 3800 741 3858 et
760 3794 850 3860 valde
872 3795 969 3877 bona,
991 3800 1099 3881 utpote
1120 3817 1140 3860 a
1161 3796 1244 3863 bono
1265 3796 1334 3863 solo
1355 3796 1408 3863 deo

319 3980 343 4033 2.
356 3982 450 4035 iudicio
463 3985 518 4038 rod.
532 3982 695 4046 Colberta'uua,
708 4002 749 4103 api.
763 3981 950 4037 Benedictinoa.
1001 3982 1025 4035 3.
1037 3981 1161 4051 probatur
1172 3984 1229 4037 eod.
1243 3982 1358 4039 Floreat.

319 4050 381 4119 Gap.
393 4052 449 4103 XI..
462 4084 494 4091 -
514 4053 535 4103 1.
549 4053 604 4104 loca
616 4058 706 4106 sancta
734 4051 802 4103 irino
815 4053 875 4105 edit.
887 4050 1003 4106 Elmeat.
1047 4050 1071 4105 2.
1085 4050 1214 4105 eredimus
1226 4052 1300 4105 ates:
1309 4074 1328 4107 u
1338 4052 1408 4107 MSS.

252 4116 371 4187 (bened.)
421 4120 447 4175 3.
460 4121 629 4173 retromeat.
642 4120 756 4172 Elraeud.
806 4118 1037 4173 stacederet.
1052 4118 1162 4175 Floreat.

319 4204 380 4271 Cap.
392 4204 460 4257 XLI.
473 4236 506 4243 —-
527 4206 547 4256 l.
559 4213 658 4273 martyr
669 4223 729 4258 vcro
740 4206 781 4257 vel
793 4206 874 4257 edidit
892 4205 1003 4257 Elraerrb.
1015 4222 1046 4257 ea
1057 4206 1113 4259 eod.
1126 4204 1241 4262 Floreat.
1292 4206 1317 4261 2.
1333 4208 1408 4261 intin-

250 4274 339 4337 guitur
351 4274 443 4337 lepitur
456 4278 481 4324 ia
492 4273 574 4333 MSS„
586 4276 687 4325 testibus
701 4275 879 4335 Beaedietbaie,
891 4278 934 4340 pai
945 4283 1027 4325 taenea
1038 4276 1168 4343 :abutum
1183 4280 1343 4329 retinuerunt
1351 4292 1408 4331 eon·

250 4341 365 4409 tingitur.
417 4340 441 4392 3.
454 4341 606 4393 locutorium
620 4348 780 4394 restituerant
790 4340 953 4393 Benede'etiai
964 4344 995 4393 de
1006 4346 1160 4393 :auctoritate
1169 4346 1323 4413 scriptorum
1335 4346 1408 4397 libro·

252 4428 313 4461 rum.
326 4409 478 4461 locutorium
491 4412 545 4460 eod.
559 4410 670 4463 Floreat.
686 4409 861 4463 habitaenlrmr
873 4412 932 4465 edit.
948 4410 1073 4474 Elmeab„
1089 4414 1214 4479 ceterique
1230 4420 1290 4465 ante
1301 4412 1407 4467 Beseda·

251 4482 330 4527 ctincs
342 4478 412 4527 editi.
463 4478 487 4529 4.
500 4484 605 4529 sanctus
618 4482 673 4533 eod.
686 4480 799 4531 Floreat.

318 4562 380 4631 t'ap.
392 4560 472 4613 XLII.
485 4593 516 4601 -
538 4563 558 4613 l.
570 4562 661 4617 Motth.
673 4564 770 4625 xxvi,
782 4563 824 4615 ⁴29.
863 4564 887 4616 ⁸2.
899 4582 951 4619 non
963 4565 1032 4635 qnod
1043 4571 1104 4636 post
1114 4582 1221 4621 coenam
1234 4566 1353 4631 eamear,
1363 4566 1406 4621 sed

250 4628 319 4697 qnod
331 4630 362 4681 de
375 4630 454 4683 latere
466 4631 521 4683 eius
533 4631 624 4683 lancea
634 4631 751 4700 perfosso
760 4647 828 4701 aqua
839 4635 900 4689 edit.
912 4634 1027 4689 Elmeab.
