3046 5124
1170 334 1231 400 369

68 481 218 537 llutorlum
228 482 273 536 iol.
285 481 326 536 30.
357 481 472 535 Christus
488 483 560 535 lesus
576 485 643 541 filius
658 486 802 551 unipenitus
815 501 867 535 una
885 485 1036 538 adoratione
1070 490 1160 555 ropria
1177 506 1230 539 cnm

69 569 149 605 carne
160 553 295 605 adoratur.
312 550 489 604 Damascenue
503 552 535 604 de
547 552 648 605 duabus
661 549 757 604 Christi
767 551 944 605 voluntatibus
956 552 1000 607 iol.
1016 553 1032 606 4
1049 554 1073 606 4κ
1107 555 1163 607 Una
1176 574 1231 607 cerm

64 628 144 690 patre
156 627 181 672 et
195 622 289 689 spiritu
305 629 394 671 sancto
412 619 537 671 Christum
549 624 712 672 incarnatum
729 622 772 671 dei
781 621 865 688 filium
881 629 906 672 et
920 639 1024 672 cenerar
1045 631 1069 673 et
1084 625 1171 676 adora.
1199 623 1232 676 Et

68 687 101 740 tle
110 687 164 743 fido
176 685 320 740 orthodoxa
330 687 374 739 lib.
386 687 428 740 IV.
442 704 464 740 o.
476 688 500 741 3.
513 695 539 739 et
550 687 574 742 2.
605 688 720 740 Christus
737 690 864 740 adoratur
879 707 931 738 una
948 691 1097 741 adoratione
1112 708 1167 742 eum
1184 710 1231 743 eua

69 773 149 809 rarae
160 756 194 808 al
204 759 272 808 omni
287 765 418 808 creatora.
448 755 590 825 Gregorius
604 758 717 824 Magnus
734 761 797 808 tom.
809 756 833 808 2.
846 755 952 809 homilia
966 757 994 809 in
1007 756 1150 827 Evangelia
1165 759 1232 814 VIII.

68 823 113 878 tol.
130 822 189 877 343.
219 825 314 893 Arrqeli
331 834 450 876 recturam
468 835 588 887 nostram,
601 844 674 893 queem
687 829 764 893 prius
780 827 958 893 desperarant,
968 835 1100 894 postquam
1115 846 1190 896 super
1205 846 1232 880 se

69 910 153 947 mmm
171 902 224 945 tam
241 896 408 961 conspiciunt,
426 895 570 945 incoelesti
585 912 644 959 repe
661 902 826 955 uenerantur,
843 903 868 945 et
883 895 995 945 adorant
1009 894 1132 947 leomirrem
1152 898 1230 950 deum.

67 959 127 1014 vid.
160 960 250 1029 yrillue
263 961 290 1013 in
302 960 374 1012 Actis
387 960 495 1013 Consilii
506 960 630 1030 Ephesini
640 961 686 1015 iol.
699 959 740 1014 ll.

118 1027 177 1081 Erit
184 1029 339 1082 resurrectio
351 1036 512 1081 mortuorum
524 1030 651 1096 omnium]
670 1028 819 1082 Gennadius
831 1029 857 1081 in
868 1028 1006 1083 Ticbonio:
1022 1031 1157 1083 Ilelrora'ue
1166 1033 1188 1080 Α
1186 1036 1232 1099 ser

67 1096 134 1149 elicit
143 1115 192 1149 noa
204 1098 269 1149 duas
280 1101 305 1147 in
319 1117 398 1148 carne
408 1101 604 1149 resurrectiones
614 1102 730 1166 suturas,
742 1116 818 1149 urtam
830 1108 854 1149 et
864 1101 940 1150 semel
949 1104 1068 1160 omniurn,
1086 1103 1112 1150 iu
1128 1118 1177 1166 qua
1192 1119 1231 1151 re·

68 1183 113 1217 aar
130 1174 171 1217 eat
188 1169 262 1216 etiarn
280 1166 391 1217 abortiri
406 1168 549 1245 deformati.
582 1165 620 1217 De
641 1166 819 1218 abortivorum
840 1167 1025 1220 resurrectione
1042 1167 1232 1237 adstipulantur

68 1184 195 1286 'I'iolmnio
207 1234 377 1302 Augustinus,
389 1232 522 1303 Phdippus
534 1233 669 1302 Presbyter
682 1239 708 1285 et
718 1232 798 1287 Beda.
828 1234 966 1303 Angustia.
980 1234 1101 1289 enchirid.
1120 1237 1153 1288 ad
1163 1235 1231 1288 Lau·

68 1301 183 1355 ausum
193 1318 250 1371 cap.
262 1302 397 1356 LXXXV.
430 1302 550 1353 Occurrit
565 1304 596 1354 de
613 1303 736 1354 abortivis
745 1303 858 1369 sortibus
875 1307 999 1377 quaestio,
1017 1308 1060 1372 qui
1070 1309 1122 1355 iam
1134 1307 1230 1372 quidem

68 1372 126 1423 sati
135 1378 194 1421 sunt
203 1375 231 1421 in
242 1373 321 1421 uteris
333 1379 448 1432 matrum,
460 1373 505 1422 sed
517 1372 622 1422 reuredum
634 1375 672 1422 ita
684 1380 711 1421 ut
722 1373 774 1421 iam
781 1374 882 1439 possint
892 1377 1001 1425 renasci.
1031 1372 1061 1423 Si
1072 1377 1137 1423 eru'm
1148 1391 1231 1424 resur·

67 1444 184 1492 recturus
195 1456 236 1490 eos
248 1440 397 1500 direrirnus,
414 1441 445 1490 de
457 1438 497 1489 tic
508 1443 551 1507 qui
562 1442 613 1490 iam
619 1442 731 1506 J'armati
740 1447 808 1501 sunt,
828 1440 935 1490 tolerari
963 1449 1025 1492 otest
1035 1450 1156 1508 uteunque
1167 1443 1233 1508 quud

68 1508 173 1561 dieitur.
202 1506 328 1575 lrdarmes
343 1525 402 1558 reru
418 1508 520 1558 abortus
531 1511 585 1574 puis
597 1526 644 1558 reon
651 1508 794 1575 proclivior
805 1510 894 1576 perire
905 1459 1051 1572 arlltretur,
1063 1513 1231 1562 sieutscmina

68 1593 133 1644 quae
146 1584 267 1642 correepta
281 1579 449 1642 ›ranfrrcrintl
465 1574 517 1626 Sed
528 1579 582 1644 puis
595 1593 688 1642 aspare
701 1577 803 1637 audeat,
816 1584 840 1626 et
849 1578 873 1625 si
885 1579 1017 1644 affirmare
1028 1595 1075 1629 nan
1089 1579 1191 1640 audeat,
1203 1581 1232 1630 id

62 1644 184 1712 saturam
196 1649 411 1705 resurrectionem,
423 1653 449 1694 ut
461 1645 581 1711 quidquid
585 1648 689 1710 formae
702 1646 789 1711 depluit,
802 1645 955 1712 impleatur?
971 1654 1047 1713 atque
1057 1647 1095 1696 ita
1109 1665 1155 1697 non
1168 1649 1233 1697 desit

63 1714 193 1781 perfectio
203 1729 267 1778 quae
279 1729 415 1762 accessura
428 1721 486 1762 crat
496 1721 617 1780 tempore:
629 1714 832 1779 quemadmodum
844 1731 891 1763 reon
904 1723 976 1764 erunt
986 1717 1057 1776 uitia,
1069 1733 1133 1782 quac
1145 1733 1231 1766 acces·

67 1789 157 1833 serunt
166 1788 286 1848 ternpore,
303 1790 417 1847 utreque
428 1784 454 1830 in
467 1799 494 1831 ea
506 1781 572 1848 quod
583 1787 668 1848 aptum
687 1789 711 1831 et
722 1798 856 1846 conpruum
870 1782 923 1831 dies
935 1783 1044 1832 allaturi
1047 1786 1167 1850 fuerant,
1185 1802 1231 1834 na·

69 1856 128 1900 istra
133 1850 288 1915 fraudetur,
307 1865 383 1916 neque
400 1852 426 1899 in
444 1866 470 1898 eo
487 1849 552 1915 qaod
569 1849 701 1899 adr-ereum
719 1857 792 1916 atque
809 1852 963 1900 carrtrarium
976 1852 1122 1913 attulerant,
1136 1860 1231 1904 natura

69 1925 197 1986 turpetur,
215 1918 261 1967 sed
274 1920 414 1982 intepretur
431 1918 496 1996 pund
511 1918 616 1967 nondum
638 1925 695 1967 erat
710 1919 846 1983 inteprum,
868 1921 933 1968 sicut
952 1919 1150 1982 instaurabitur,
1167 1922 1233 1987 quod

61 1988 156 2053 suerat
166 1987 290 2036 m'tiatum.
308 1983 341 2036 Iit
352 1984 383 2035 de
395 1984 491 2037 civitat.
505 1983 547 2035 dei
558 1983 602 2037 lib.
615 1983 701 2036 XXII.
714 2000 771 2052 cap.
783 1983 854 2038 XIII.
877 1986 1111 2054 Aborticoefoetus,
1123 1991 1165 2054 qui
1176 2006 1231 2040 curn

68 2056 122 2107 isse
133 2056 254 2104 mriment
263 2056 290 2102 in
303 2061 380 2114 utera,
398 2053 436 2103 ilii
446 2061 504 2102 sunt
517 2056 616 2113 mertui,
629 2061 822 2113 resurrecturae,
839 2061 868 2102 ut
884 2056 1016 2121 affirmare
1027 2058 1065 2106 ita
1078 2073 1171 2123 nepare
1183 2074 1232 2107 non

68 2122 164 2175 aeda:
177 2125 291 2190 quamuis
303 2140 350 2172 non
361 2122 469 2182 rideam,
481 2123 599 2188 quomodo
611 2122 648 2171 ad
659 2139 699 2172 eos
710 2138 758 2170 reon
769 2124 902 2188 pertineat
910 2127 1062 2173 resurrectio
1073 2132 1230 2184 mortuorunt,

68 2193 93 2241 si
102 2208 152 2241 narr
164 2193 304 2239 amiciuntur
316 2191 347 2240 de
360 2206 458 2239 rrumero
471 2198 628 2241 nrortuorum.
645 2187 712 2239 Phili
749 2204 779 2239 us
791 2187 927 2256 Presbyter
939 2189 966 2241 iu
978 2189 1032 2243 Iob.
1045 2190 1089 2244 lib.
1100 2190 1120 2244 l.
1135 2207 1190 2260 cap.
1204 2192 1228 2245 3.

68 2263 96 2311 ol
106 2256 181 2311 Beda
197 2258 308 2326 exposit.
321 2257 349 2309 in
367 2256 421 2310 Iob.
435 2256 479 2310 lib.
493 2256 512 2310 l.
530 2205 848 2325 cap.1ss.fol.ll4.too
865 2260 939 2309 dicit:
956 2276 1034 2326 quare
1050 2277 1097 2310 aare
1114 2264 1141 2309 in
1156 2262 1231 2312 sulca

67 2329 254 2380 nortuussuml
270 2325 347 2377 Nunc
359 2329 423 2377 enim
436 2327 561 2377 dormiens
571 2327 668 2376 silerem
681 2333 706 2376 et
715 2343 797 2377 sonrno
809 2343 860 2377 meo
868 2331 1054 2394 requiescerem,
1066 2345 1120 2379 oum
1131 2329 1233 2394 sepibus

68 2404 94 2447 et
102 2394 251 2447 carnalibus.
270 2393 348 2446 Forte
360 2395 494 2462 erenrplum
506 2403 596 2444 eorrtra
608 2412 649 2445 eos
660 2403 703 2458 est,
716 2397 758 2461 qui
769 2396 857 2444 dicunt
867 2413 915 2445 non
926 2403 1118 2458 resurrecturas,
1132 2400 1181 2447 ruisi
1189 2400 1233 2466 qui

66 2467 141 2515 iusta
153 2472 262 2514 naturae
273 2464 385 2514 ordinem
398 2465 565 2529 recetijucrint.
586 2462 616 2512 st
627 2465 691 2512 enirn
704 2471 836 2530 careceptue
847 2466 985 2514 moriuntur
1001 2467 1029 2514 in
1039 2473 1116 2526 utero,
1133 2482 1231 2515 rreceeee

68 2541 106 2585 erl
115 2535 176 2600 quia
188 2535 287 2582 rie-unt:
304 2540 350 2581 aut
360 2532 481 2600 quidquid
492 2535 604 2591 moritur,
617 2529 688 2581 haud
704 2530 806 2582 dubium
823 2534 883 2600 quia
901 2540 1027 2598 resurpet:
1044 2541 1069 2584 et
1078 2536 1117 2584 ita
1129 2534 1231 2601 quadiu

66 2600 246 2667 memhrisjuit
256 2609 282 2650 et
292 2602 362 2661 sirit,
380 2600 419 2649 cel
430 2607 525 2649 nectura
537 2603 618 2649 minus
630 2600 739 2660 dederit,
757 2597 804 2650 lroc
822 2603 848 2649 in
865 2603 1048 2652 resurrectione
1065 2620 1092 2651 en
1107 2605 1230 2669 inteprum

67 2666 242 2738 reparabitur.
259 2666 304 2718 ›S'e'c
316 2671 379 2717 enim
391 2666 496 2718 turriani
505 2670 606 2734 pencris
618 2670 644 2717 in
655 2668 743 2717 arelius
754 2670 907 2719 instauratio
917 2677 991 2719 toturn
1003 2670 1098 2729 reddet,
1111 2671 1177 2737 quod
1185 2688 1230 2720 aa·

68 2738 318 2805 tarasraudaeerat.
341 2735 516 2787 Adversantur
533 2734 680 2787 scholastici
697 2733 812 2803 theologi
830 2735 956 2787 dicentes:
973 2736 1083 2787 abortiri
1086 2741 1173 2803 suetus
1184 2756 1231 2787 rran

68 2813 210 2872 resuryent,
223 2807 337 2872 quoniam
351 2823 398 2854 reon
410 2807 532 2854 riserunt.
550 2802 735 2855 Beneventum
747 2810 858 2856 sentent.
872 2804 916 2857 lib.
930 2803 973 2858 IV.
987 2803 1099 2857 distinet.
1112 2804 1207 2859 XLDI.

117 2872 177 2925 Non
188 2872 273 2942 prima
283 2872 411 2923 iustorum
424 2877 450 2923 et
461 2871 575 2923 secunda
585 2874 762 2951 peccatorum]
783 2870 906 2922 Excludit
917 2888 1029 2923 errorem
1041 2872 1181 2925 dicentium
1192 2890 1230 2926 re-

68 2947 256 2997 surrectionem
267 2958 320 2992 non
332 2956 389 2992 esse
400 2939 515 2991 futuram
528 2956 643 2991 omnium
655 2939 741 3001 simul,
754 2938 798 2990 sed
810 2939 921 3018 primam
930 2941 1056 2992 iustorum
1067 2943 1231 2993 resurreetio·

67 3027 139 3074 nam,
151 3008 293 3062 secundam
304 3008 359 3061 lore
371 3013 548 3076 peccatorum:
567 3025 633 3077 qnae
652 3009 731 3059 edam
749 3008 836 3087 opimo
848 3008 977 3060 Laetantii
988 3007 1044 3072 fuit,
1062 3015 1089 3061 et
1106 3008 1231 3079 Stephani

70 3078 175 3133 Gabari.
205 3076 316 3130 Thomas
328 3077 445 3145 Aquinas
457 3077 484 3128 in
497 3094 510 3128 e
530 3077 571 3130 ist.
583 3076 657 3129 Pauli
670 3076 701 3129 ad
714 3074 829 3130 Corinth.
839 3075 858 3128 I.
872 3093 902 3128 ea
921 3076 1009 3130 ‚XVI
1020 3077 1078 3131 lect.
1091 3077 1157 3132 VIII.
1182 3079 1230 3130 La·

66 3146 206 3269 ptpnpplib.
223 3145 277 3200 VII.
295 3161 350 3215 cap.
367 3145 429 3198 XX.
448 3150 474 3197 et
489 3145 516 3197 X
544 3144 586 3199 VI.
615 3145 645 3197 In
663 3144 774 3214 epitome
791 3160 847 3214 cap.
865 3093 931 3199 VIII.
960 3143 1067 3198 Photine
1083 3146 1230 3200 bibliothec.

79 3232 113 3271 0.
177 3254 185 3267 .

119 3283 178 3336 Non
190 3282 331 3336 secundum
344 3281 477 3351 Originum
489 3282 634 3333 immutatio
647 3297 785 3350 corporum
797 3281 855 3349 erit]
886 3281 1006 3351 Origines
1017 3285 1126 3353 putabat
1141 3301 1230 3354 eorpo-

28 3396 33 3404 .
68 3353 136 3407 sales
148 3352 306 3404 substantias
318 3352 345 3403 in
356 3351 544 3403 resurrectione
556 3350 659 3418 penitus
672 3349 836 3418 delapsurus:
849 3356 875 3402 et
886 3350 974 3403 lutura
984 3350 1033 3404 hoo
1046 3369 1103 3405 esse
1115 3369 1230 3423 corpora,

69 3421 139 3490 qnod
151 3437 220 3472 nunc
232 3426 273 3472 est
283 3419 378 3484 aether,
395 3424 421 3471 ot
433 3421 542 3482 caelum,
558 3424 584 3470 et
595 3419 619 3470 si
630 3417 700 3499 quod
712 3418 781 3470 aliud
795 3436 839 3471 cor
857 3436 888 3471 us
905 3421 1029 3473 sincerius
1045 3428 1071 3473 et
1086 3423 1175 3490 purius
1192 3423 1230 3474 in-

67 3489 153 3558 telligl
163 3488 254 3558 possit.
282 3488 431 3556 [lieronym.
444 3487 476 3539 sd
489 3487 595 3539 Avitum
607 3494 681 3556 sprot.
692 3486 760 3539 LIX.
777 3486 823 3539 iol.
871 3488 893 3540 '.
910 3488 1034 3540 adversus
1046 3506 1124 3541 error.
1142 3487 1229 3542 lohsn.

68 3558 239 3626 hierosolym.
252 3557 285 3608 ad
295 3555 491 3609 Pammachium
503 3572 559 3625 cap.
571 3555 617 3608 IX
629 3555 675 3610 iol.
689 3554 746 3607 nlo.
762 3556 790 3608 in
801 3556 907 3608 Esaiam
917 3557 962 3611 lib.
975 3556 1041 3609 VIII.
1053 3574 1109 3626 esp.
1121 3557 1190 3610 XIV.
1202 3558 1229 3608 in

67 3624 194 3679 Ezechid.
212 3626 256 3679 lib.
268 3625 326 3678 XII.
344 3642 367 3677 c.
378 3625 434 3677 XL.
452 3626 479 3677 in
496 3627 576 3677 Amos
595 3641 617 3676 e.
629 3624 659 3676 V.
688 3622 814 3693 Epiphan.
832 3632 952 3677 acicurato
970 3623 1086 3678 f01.390.
1114 3624 1229 3677 Iulianus

68 3696 157 3766 episco
176 3734 182 3746 .
194 3694 310 3746 Toletan.
322 3699 457 3762 prognost.
469 3695 513 3746 lib.
525 3693 550 3745 3.
560 3709 616 3812 cap.
627 3691 710 3745 XVII.
726 3692 756 3744 In
768 3710 819 3761 quo
832 3710 917 3745 errore
929 3694 1008 3744 etiam
1016 3691 1158 3761 Eutychius
1172 3693 1229 3746 luit.

67 3763 125 3819 ado
160 3762 317 3815 sennensise
336 3762 389 3814 isco
409 3761 584 3815 .inGhrou.s
612 3759 998 3814 monastioocootxxv.
1015 3759 1229 3813 Bedsinanam

68 3831 115 3887 Ilb.
130 3830 174 3886 Vl.
191 3847 246 3900 cap.
264 3779 361 3883 XXIII.
393 3831 426 3881 ol.
442 3830 500 3884 510.
530 3829 671 3897 Eutychiae
692 3829 984 3898 Constantinopolitanae
1008 3829 1079 3879 urlris
1099 3833 1230 3898 epiecopus

68 3903 180 3969 scripsit,
193 3917 285 3968 corpus
297 3907 406 3950 nastrum
417 3902 444 3948 in
455 3901 503 3951 illa
515 3902 707 3951 resurrectionis
717 3899 803 3965 ploria
816 3902 866 3949 erit
874 3897 1048 3965 impalpabile,
1065 3901 1145 3949 veritis
1157 3899 1229 3949 aire·

69 3987 115 4038 que
131 3968 254 4021 subtilius.
282 3966 404 4018 Ruifinus
420 3966 528 4087 praefat.
544 3966 731 4020 adMacarium
746 3968 773 4018 in
785 3967 895 4046 Apolog.
924 3964 1030 4016 susebii
1046 3980 1092 4033 pro
1109 3964 1228 4034 Origene.

69 4042 96 4091 st
106 4036 232 4090 Eusebius
245 4036 348 4116 apolog.
378 4051 407 4087 ro
443 4035 532 4104 rigens
543 4036 587 4088 tol.
600 4031 1024 4100 489.dicuntinr1sores0rigenis
1037 4031 1105 4087 huno
1117 4050 1229 4086 errorem

69 4105 136 4159 ialso
147 4105 203 4158 viro
216 4123 230 4158 o
250 4111 313 4156 tuno
326 4053 475 4156 allusisse.
504 4103 537 4154 Et
547 4105 603 4173 ipse
615 4103 740 4172 OrIgenee
757 4108 819 4153 tom.
832 4101 851 4153 1.
863 4101 891 4153 iu
902 4099 1064 4153 Matthaenm
1075 4118 1132 4171 cap.
1144 4104 1228 4156 XXV.

69 4169 158 4228 homil.
170 4173 216 4227 IX.
229 4122 273 4226 hl.
287 4171 343 4226 tul.
360 4171 459 4225 ridetur
477 4171 579 4224 illorum
597 4172 751 4224 sententiam
766 4170 916 4239 reprobare,
932 4169 977 4250 qui
988 4170 1087 4222 sirium
1099 4188 1142 4223 eor
1161 4189 1192 4223 ns
1204 4178 1230 4223 et

68 4243 195 4312 paulatim
205 4243 234 4294 In
246 4256 322 4294 suras
334 4246 425 4292 tennes
438 4239 638 4304 dissolvendum,
649 4245 709 4309 post
720 4239 933 4291 resurrectionem
945 4238 1118 4293 introducunt.
1155 4256 1229 4309 rego·

69 4312 123 4365 rius
134 4312 249 4379 Magrms
261 4310 371 4378 exposit.
389 4309 480 4361 moral.
492 4308 520 4360 iu
532 4307 586 4360 Iob.
602 4309 647 4361 lib.
659 4307 729 4360 XIV.
742 4323 797 4376 cap.
809 4307 898 4359 XXX.
927 4306 1050 4358 Fateatur
1067 4327 1169 4360 carnem
1187 4328 1229 4360 no·

69 4389 149 4433 nram
161 4388 222 4448 post
236 4381 442 4429 resurrectionem
453 4381 572 4445 suturam
584 4386 609 4428 et
619 4378 723 4428 eandem
735 4386 760 4426 et
771 4379 911 4427 elisaeam:
928 4378 1033 4427 carrdem
1040 4395 1090 4447 per
1102 4386 1229 4439 naturam,

70 4450 196 4501 diuersam
212 4466 263 4516 per
282 4448 407 4514 pluriam:
425 4447 530 4497 earrdene
568 4463 596 4496 er
612 4449 755 4505 ceritatem,
778 4445 905 4496 diversant
917 4463 968 4513 per
983 4450 1131 4514 potentiam.
1169 4445 1231 4497 Erit

69 4521 154 4585 itaque
165 4517 318 4585 spiritualis,
330 4518 390 4581 puiu
402 4463 618 4581 inc·orruptilllis;
632 4517 681 4564 erit
687 4512 838 4581 palpabilis,
851 4517 910 4580 quia
923 4531 972 4566 nors
983 4517 1081 4565 amittet
1098 4517 1228 4565 essentiam

69 4589 171 4638 omacio
183 4595 300 4636 naturae.

995 4665 1028 4719 ⁸24
