3046 5124
542 370 581 410 DE
595 369 772 411 MEREBIBUS
785 370 877 412 LIBER
1222 372 1286 439 205

186 524 385 609 ¹Origeuiani
406 526 576 611 aquodam
591 526 723 611 Origene
739 527 815 591 dicti
831 532 920 607 sunt,
941 547 1005 592 non
1025 527 1065 590 ab
1084 526 1137 592 illo
1154 508 1207 612 oui
1221 527 1285 591 fere
1305 541 1355 593 cnr·
1367 539 1434 581 ¹1111·

125 627 270 693 omnibus
285 635 379 693 notus
395 634 453 710 est,
469 629 524 693 sed
540 629 579 694 ab
595 629 655 694 alio
671 632 777 693 nascio
793 649 869 713 quo,
886 629 924 693 de
940 649 1000 713 quo
1015 630 1065 694 vol
1080 631 1285 695 sectatoribus

124 731 190 795 eius
204 730 398 817 Epiphanius
417 730 564 815 loquens,
586 733 780 815 Origeniani,
794 734 913 816 inquit,
929 731 1091 821 cuiusdam
1111 730 1285 816 ²Origenis,

123 835 225 918 turpis
247 840 352 897 autem
374 841 448 898 suut
470 836 657 919 operationis
678 836 746 911 isti3
770 838 844 898 sunt
865 834 1019 899 ³nefauda
1040 835 1207 918 faciantne,
1230 856 1286 899 sua

124 956 255 1021 corpora
269 938 458 1021 corruptioni
475 936 642 1001 tradentes.
681 936 768 1002 Alios
789 942 893 1000 autem
914 937 1119 1020 Origenianos
1139 940 1285 1003 continuo

123 1037 311 1103 subiiciens:

188 1140 385 1225 Origeniani,
405 1144 522 1226 inquit,
543 1141 613 1223 alii,
635 1143 687 1225 qui
708 1149 740 1205 et
753 1142 934 1206 Adamantii
955 1143 1166 1225 ‘tractatoria
1187 1145 1240 1227 qui
1256 1147 1287 1205 et
1305 1155 1355 1205 cnr·
1369 1154 1447 1195 ¹1:111·

122 1250 320 1309 mortuorum
334 1248 594 1308 resurrectionem
615 1244 786 1330 repellunt,
807 1245 966 1309 Christum
988 1252 1093 1310 autom
1113 1251 1288 1311 creaturam

125 1352 158 1411 at
172 1348 319 1431 spiritum
334 1353 478 1410 sanctum
494 1347 742 1427 introducentur,
763 1348 943 1432 paradisum
962 1355 1066 1412 autom
1087 1356 1120 1412 et
1140 1348 1241 1412 caelos
1257 1355 1288 1411 et

125 1448 187 1513 alia
208 1451 313 1514 omnia
336 1449 580 1531 allegorizantes.
618 1450 703 1513 llaec
725 1449 851 1533 quidam
871 1450 909 1514 de
931 1450 1062 1532 Origene
1085 1451 1287 1536 Epiphanius

124 1550 207 1617 ‘scd
222 1554 274 1635 qui
290 1572 361 1615 euru
378 1551 560 1632 defendunt,
576 1555 668 1615 unius
680 1552 880 1635 eiusdemque
894 1542 1167 1617 substantiaeesse
1181 1553 1289 1617 dicunt

126 1652 271 1719 docuisse
285 1661 406 1740 patrem
422 1656 567 1717 etlilium
584 1662 615 1716 et
630 1657 773 1739 spiritum
791 1662 949 1737 sanctum,
969 1677 1071 1741 neque
1087 1657 1288 1721 resurrectio-

125 1776 200 1821 nem
214 1757 366 1842 repulisse
378 1764 584 1835 mortuorum3
600 1757 760 1841 ⁵quamvis
773 1765 804 1821 ot
816 1761 848 1821 in
860 1761 928 1822 istis
941 1780 1011 1822 eum
1025 1763 1209 1823 convincere
1222 1765 1288 1822 stu-

127 1859 222 1924 deant
237 1863 289 1943 qui
305 1861 371 1923 eius
388 1860 477 1944 plura
492 1860 642 1942 legerunt.
667 1860 746 1923 Sunt
762 1866 793 1923 et
808 1860 869 1923 alia
885 1860 975 1925 huius
989 1862 1131 1944 Origonis
1145 1862 1290 1944 dogmata

127 1981 206 2048 quac
222 1961 374 2026 catholica
390 1962 522 2026 ecclesia
544 1965 670 2027 omnino
692 1984 754 2026 nou
771 1965 896 2048 rocipit3
917 1966 949 2025 iu
972 1964 1084 2047 quibus
1105 1986 1163 2028 uec
1185 1968 1289 2049 ipsum

126 2064 206 2130 falso
220 2067 332 2148 arguit,
347 2086 404 2128 nac
420 2071 524 2149 potest
539 2065 578 2128 ab
595 2067 660 2128 eius
677 2065 893 2129 defensoribus
909 2065 1001 2146 ualli,
1017 2070 1150 2131 maxime
1163 2067 1201 2130 de
1215 2088 1287 2151 pur·

127 2169 251 2250 gatione
274 2173 305 2230 et
326 2166 525 2248 liberatione,
546 2190 581 2231 ao
603 2189 709 2231 rursus
732 2178 803 2252 post
824 2167 950 2249 longum
973 2176 1096 2253 tempus
1119 2169 1158 2233 ad
1181 2168 1290 2232 eadem

127 2269 211 2334 mala
226 2269 417 2334 revolutione
434 2270 594 2334 rationalis
610 2272 773 2333 universae
789 2276 957 2333 creaturae.
992 2272 1066 2347 Qiris
1083 2273 1166 2335 cuim
1183 2271 1289 2335 catho-

128 2372 208 2438 licus
220 2372 416 2436 Christianus
428 2373 476 2436 vel
490 2372 599 2436 doetus
614 2373 663 2436 vel
679 2372 822 2436 indoctus
838 2394 901 2436 non
917 2374 1117 2437 vehementer
1129 2375 1291 2439 exhorreat

129 2496 199 2540 eam
214 2495 310 2560 quam
325 2476 402 2540 dicit
416 2479 630 2560 purgationem
647 2475 815 2557 malorum,
836 2475 867 2539 id
890 2483 938 2539 est
958 2479 1052 2541 etiam
1074 2498 1125 2541 eos
1142 2481 1194 2562 qui
1209 2478 1290 2541 hauc

128 2581 227 2643 uitam
249 2581 282 2642 in
305 2579 430 2661 flagitiis
453 2587 483 2641 et
506 2579 696 2643 facinoribus
719 2586 750 2641 et
772 2579 943 2660 sacrilegiis
964 2584 1057 2662 atque
1078 2580 1291 2664 impietatibus

130 2680 303 2767 quamlibet
317 2682 463 2745 maximis
479 2681 640 2761 finierunt,
662 2684 766 2765 ipsum
787 2685 881 2744 etiam
896 2688 1052 2766 postremo
1069 2682 1227 2747 diabolum
1243 2689 1290 2745 at-

131 2806 190 2870 que
205 2784 332 2866 angelos
349 2787 425 2864 eius,
442 2786 583 2866 quamvis
599 2791 670 2868 post
681 2783 862 2866 longissima
874 2791 1025 2869 tempora,
1040 2792 1187 2869 purgatos
1199 2793 1291 2869 atque

129 2886 278 2954 liberatos
294 2908 389 2969 regno
406 2887 456 2951 dei
471 2886 593 2970 lucique
609 2889 743 2967 restitui,
759 2894 791 2949 et
806 2908 912 2951 rursus
928 2897 999 2971 post
1015 2888 1197 2971 longissima
1210 2895 1290 2951 torn-

129 3012 206 3077 pora
221 3011 330 3055 omnes
345 2993 398 3073 qui
414 2989 536 3052 liberati
553 2990 682 3053 suntad
700 2990 777 3052 haec
790 2989 873 3053 mala
889 2989 989 3053 deurro
1007 2991 1105 3054 relabi
1121 2998 1152 3054 et
1168 2995 1292 3073 reuerti,

130 3100 162 3159 ct
182 3093 242 3158 has
270 3096 356 3156 vices
379 3092 570 3155 alternantes
597 3091 826 3156 beatitudinum
853 3099 884 3154 et
908 3094 1106 3157 miseriarum
1132 3094 1292 3159 rationalis

131 3203 290 3263 creaturae
306 3215 430 3280 semper
444 3197 550 3276 fuisse,
567 3216 690 3279 semper
704 3193 789 3258 fore?
810 3195 856 3258 lle
873 3216 933 3278 qua
947 3199 1119 3260 vanissima
1134 3200 1292 3282 impietate

131 3300 282 3365 adversus
298 3297 516 3383 philosophos,
532 3297 679 3381 aquibus
696 3300 756 3360 ista
772 3296 882 3361 didicit
898 3297 1063 3380 Origenes,
1083 3301 1135 3364 8in
1151 3300 1237 3364 libris
1254 3300 1292 3364 de

131 3404 265 3469 Ciuitate
280 3402 339 3465 Dei
355 3401 593 3483 diligentissime
608 3400 793 3485 ⁹disputavi.

197 3552 568 3673 cap.XL11.etCap.XL111.
587 3584 618 3592 —-
651 3553 671 3607 l.
688 3552 851 3622 Epiphanius
867 3559 892 3605 iu
913 3554 1030 3606 Porioi-u
1050 3559 1146 3625 quidem
1168 3555 1292 3608 haeresib.

131 3624 167 3677 63
178 3622 234 3676 effi
253 3631 360 3692 ,aperte
372 3625 506 3691 profitetur
517 3626 615 3695 nesi-ire
625 3640 651 3673 se
664 3641 697 3672 aa
713 3622 863 3688 Orr'peuiuui
878 3627 922 3673 isti
938 3632 1023 3691 turpes
1041 3625 1072 3675 ab
1094 3625 1201 3690 Oripeue
1218 3624 1291 3675 Adii-

131 3696 226 3746 naatr'o
242 3694 307 3742 dieti
321 3695 383 3752 mut,
405 3710 438 3741 au
457 3691 488 3742 ab
507 3692 559 3743 olio
575 3695 689 3757 Origene.
717 3690 770 3741 Sed
782 3695 898 3758 profecto
915 3696 942 3742 iu
964 3693 1203 3760 Arriae-ephulueosi‚
1228 3711 1292 3759 quiae

131 3762 186 3815 mla
203 3764 258 3812 eirea
276 3759 393 3810 Pauurio
412 3764 478 3810 reuit
494 3764 520 3809 iu
543 3778 631 3810 riccarius
648 3760 798 3826 Augustini,
820 3762 850 3811 ‹fe
867 3764 975 3827 riti-isque
996 3760 1158 3828 Orrycuiuuis
1173 3766 1211 3811 aie
1230 3764 1294 3812 dicit

131 3830 247 3891 odecure,
266 3837 294 3878 ut
328 3831 409 3879 riores
426 3846 472 3878 nou
491 3829 522 3878 ab
545 3831 627 3879 eodem
656 3830 763 3894 Orr'qeue
784 3829 953 3889 Aduumutio,
976 3831 1021 3880 secl
1041 3830 1072 3879 ub
1095 3831 1146 3879 olio
1163 3834 1293 3897 profectos

131 3900 256 3953 mdereo.
285 3902 292 3965 l
316 3896 396 3963 enedl
448 3896 471 3949 2.
485 3896 556 3950 Edit.
570 3896 667 3949 Lorau.
686 3895 806 3965 Origcnis
824 3896 950 3965 discipuli.
981 3897 1033 3948 l'or
1045 3896 1165 3965 discipuli
1176 3899 1248 3949 obest
1259 3900 1291 3949 ab

131 3964 236 4019 Eram
254 3974 279 4017 et
294 3963 375 4026 MSS,
393 3982 437 4015 uec
456 3984 503 4015 nou
521 3986 537 4016 a
553 3967 653 4017 Graeco
671 3973 736 4017 textu
748 3965 901 4034 Epipliaru'i.
930 3964 1041 4031 (Beuedl
1092 3965 1117 4018 3.
1130 3965 1243 4017 nefanda
1254 3966 1291 4017 fa-

131 4034 240 4100 uenas]
264 4031 576 4085 rememoreramus
590 4033 722 4086 facientes.
755 4035 854 4084 Graece
870 4043 906 4084 eat
922 4029 1145 4101 ἀῤῥητοποιοῦντες.
1181 4033 1292 4103 (Bcncd.)

131 4102 156 4159 4.
167 4102 246 4155 Editi
255 4101 300 4171 qui
312 4107 338 4153 et
349 4100 498 4154 lldaurantii
509 4102 655 4154 tractatoris
666 4102 734 4154 illius
747 4108 899 4165 sectatores,
913 4101 957 4169 qui
969 4107 995 4152 at
1008 4106 1169 4154 mortuorum
1181 4120 1293 4156 resurre-

132 4171 245 4225 ctionum
253 4175 360 4238 negant,
370 4167 499 4221 Christum
506 4178 592 4222 autem
600 4176 625 4221 et
634 4171 753 4239 spiritum
762 4176 880 4221 sanctum
889 4174 1031 4221 creaturam
1039 4169 1135 4235 meunt,
1144 4171 1293 4241 paradisum

132 4246 219 4293 autern
237 4244 264 4291 at
281 4238 366 4290 caelos
384 4244 410 4290 et
426 4239 478 4289 alia
494 4256 547 4290 uon
565 4239 673 4290 eredunt
689 4254 746 4290 esse
763 4237 905 4290 secuudum
922 4238 1043 4302 litteram,
1060 4238 1105 4290 sed
1122 4240 1148 4292 in
1161 4241 1293 4309 allegoria.

138 4306 408 4362 vomereuomere
416 4311 529 4374 pressius
540 4307 675 4358 inhaereat
688 4308 796 4359 Graeco.
825 4305 944 4373 (Beued.)
996 4307 1020 4360 5.
1037 4308 1103 4360 rlute
1116 4308 1294 4361 Beueduu'uos

133 4374 274 4457 Mutarim
284 4373 527 4455 culpoEpiphanius
540 4373 624 4454 refert.
651 4374 702 4456 Sed
716 4375 863 4426 defensores
876 4374 931 4425 eins
947 4374 1034 4456 dicunt
1048 4376 1181 4458 Originum
1193 4385 1292 4448 patrem

133 4448 160 4497 et
168 4442 254 4497 illrum
266 4447 292 4495 at
303 4449 422 4513 sprrrtum
439 4448 558 4495 sanctum
576 4459 653 4495 unius
671 4442 837 4511 eiusdemque
852 4442 1013 4496 substantiae
1028 4444 1147 4499 docmsse
1158 4463 1243 4515 nequo
1255 4464 1293 4500 re-

134 4512 319 4567 meationem
332 4521 387 4564 cett.
440 4510 464 4561 6.
479 4510 533 4561 Soli
544 4513 607 4563 editi
618 4512 744 4581 repulisse
756 4515 931 4575 mortuorum,
948 4512 993 4564 sed
1022 4514 1050 4566 ui
1062 4514 1117 4567 eius
1132 4515 1207 4585 plura
1224 4516 1293 4596 lege-

133 4585 205 4647 runt,
222 4580 410 4663 contradicunt.
438 4578 675 4659 Cuntataliaoett.
690 4577 813 4704 bssened.)
855 4578 891 4660 ¹7..
900 4579 944 4632 Sic
956 4581 987 4631 M
1023 4584 1092 4637 ,Aa
1108 4586 1171 4635 editi
1185 4584 1219 4636 ab
1237 4601 1293 4637 erus

135 4648 314 4705 defensoribus
326 4663 453 4704 excusari.
482 4646 602 4717 (Benad.)
653 4647 678 4703 8.
715 4647 795 4702 eCrr.
813 4647 1003 4706 Daunum
1055 4653 1079 4704 a.
1098 4652 1293 4706 Veterumeodi·
