3046 5124
254 356 315 421 238
717 354 945 397 rnasnmnuam

253 513 401 594 quoniam
419 510 496 576 Gain
520 510 688 592 honorant,
713 510 853 597 diceutes
879 531 952 575 eum
975 510 1163 576 fortissimae
1188 529 1260 576 esse
1279 511 1403 575 virtutis

253 613 353 678 Simul
367 620 399 677 et
411 614 522 679 Iudam
539 613 723 679 traditorem
737 613 877 680 dinnnm
898 611 1017 698 ahquid
1030 618 1144 698 putant
1158 632 1247 696 esse,
1265 618 1299 677 ct
1312 612 1405 678 scelus

253 718 319 781 eius
348 716 536 782 beneficium
558 716 723 802 deputant,
751 716 934 782 adserentes
958 736 1030 781 eum
1053 718 1232 802 praescisse
1262 722 1407 802 qnantum

253 827 336 884 esset
355 823 461 903 generi
474 820 609 885 humano
625 819 742 885 Christi
760 823 864 905 passio
883 819 1061 905 profutura,
1081 826 1113 884 et
1132 819 1343 885 occidendum
1362 819 1407 885 Iu·

252 922 337 987 daeis
352 929 516 1009 propterea
529 922 705 987 tradidisse.
727 923 793 988 Hos
808 929 891 987 ortos
906 942 976 987 esse
990 920 1251 1008 mesopotamiae
1265 922 1408 989 ecclesia·

251 1048 320 1120 rum
335 1026 443 1111 Syriae
458 1027 634 1090 sacerdotes
653 1026 694 1091 ad
708 1032 827 1090 ceteros
842 1047 914 1091 suos
930 1028 1130 1112 coepiscopos
1148 1029 1409 1112 conscripserunt

253 1130 335 1207 Quos
360 1131 488 1212 triginta
510 1135 542 1192 et
561 1129 621 1194 duo
644 1131 783 1214 episcopi
807 1128 889 1214 apud
914 1129 1115 1194 Antiochiam
1136 1128 1315 1194 residentes
1344 1148 1410 1195 cnm

252 1233 392 1296 eiusdem
406 1234 492 1297 urbis
508 1233 651 1316 episcopo
672 1231 833 1296 Theodoro
858 1233 1065 1316 inpraesenti
1083 1231 1263 1298 confutatos
1283 1232 1408 1299 damna·

251 1342 334 1417 runt,
350 1336 490 1400 diceutes
510 1336 555 1398 eis
575 1333 653 1399 illud
672 1335 755 1418 quod
770 1341 897 1399 sanctus
918 1337 1046 1419 spiritns
1061 1334 1184 1400 locutus
1205 1342 1257 1401 est
1269 1356 1330 1421 per
1342 1357 1408 1422 pro·

251 1439 395 1524 phetam:
415 1439 426 1477 ³
441 1437 505 1502 Vae
519 1437 566 1501 boa
582 1440 639 1522 qui
652 1439 762 1503 dicuat
776 1440 813 1503 de
834 1437 912 1503 boae
926 1439 1058 1521 molam,
1078 1449 1108 1503 et
1127 1439 1166 1504 da
1181 1440 1268 1504 uculo
1290 1438 1409 1521 bouum,

253 1545 310 1626 qui
317 1552 442 1627 ponunt
456 1538 597 1604 tenebrae
613 1542 720 1622 lacem,
736 1552 765 1605 et
776 1564 836 1626 pro
851 1541 919 1606 Iaca
934 1540 1093 1606 tenebrae:
1129 1548 1255 1607 constat
1270 1561 1408 1626 argones

252 1644 374 1709 anobis
396 1645 472 1729 ipsis
488 1664 556 1707 esse
572 1643 750 1725 damnatos,
772 1646 825 1728 qui
846 1664 898 1707 eos
918 1644 1014 1709 uultis
1033 1664 1164 1727 magnos
1185 1650 1218 1709 et
1237 1647 1339 1711 iustos
1358 1643 1408 1710 ad·

252 1747 357 1828 scribi,
372 1766 448 1831 quos
463 1768 518 1832 pro
533 1746 608 1811 facti
623 1749 671 1811 sui
687 1746 836 1831 qualitate
852 1746 927 1811 deus
942 1745 1110 1832 perpetuae
1125 1747 1290 1832 gehennae
1304 1751 1408 1815 incen-

251 1850 302 1914 dio
318 1848 495 1914 destinavit.

116 1974 167 2027 cop.
179 1977 234 2019 mx.
314 1952 528 2018 Nonadecima
546 1953 685 2016 haeresis
707 1952 935 2018 Sethianornm.
971 1954 1013 2018 Hi
1037 1974 1152 2019 nornen
1178 1962 1371 2041 acceperunt
1392 1974 1409 2017 a

251 2054 313 2120 lilio
329 2056 415 2121 Adae
431 2058 484 2140 qui
497 2062 626 2121 vocatus
642 2061 690 2120 est
704 2055 795 2137 Seth,
817 2056 855 2120 de
875 2077 988 2142 supera
1006 2063 1105 2122 matre
1125 2077 1198 2122 enm
1217 2063 1331 2123 natum
1345 2077 1408 2123 esse

250 2163 418 2242 iactantes,
437 2180 530 2244 quam
546 2161 730 2224 convenisse
746 2159 854 2224 dicunt
875 2180 946 2224 cum
961 2167 1216 2246 superno-patre,
1230 2161 1317 2226 nude
1333 2161 1407 2227 divi·

250 2284 326 2327 num
349 2284 456 2327 semen
475 2262 560 2327 aliud
580 2269 773 2345 nasceretur,
793 2282 832 2327 ex
854 2282 913 2345 quo
934 2265 1054 2328 semine
1070 2263 1131 2328 sibi
1146 2263 1225 2328 deus
1238 2266 1342 2329 iustos
1356 2263 1408 2330 ali·

250 2373 336 2450 geret
356 2373 387 2429 ot
406 2387 478 2430 suos
498 2366 578 2430 lilios
599 2366 779 2451 appellaret.
815 2365 857 2430 Hi
876 2367 935 2430 orti
954 2367 1079 2431 suntin
1098 2368 1242 2452 partibus
1264 2368 1407 2433 Achaiae.

250 2469 365 2534 Contra
384 2489 461 2554 quos
482 2471 621 2554 suscepit
646 2476 773 2533 sanctus
797 2468 964 2551 Perigenes
984 2469 1086 2551 Argus
1111 2472 1250 2536 civitatis
1268 2473 1408 2551 antistes,

250 2573 418 2637 ostendens
439 2574 484 2635 eis
506 2571 543 2635 de
563 2592 625 2636 uno
646 2579 754 2637 sancto
769 2593 842 2637 vero
862 2579 895 2636 et
908 2574 989 2637 iusto
1008 2572 1097 2638 Isaac
1112 2573 1190 2639 dnos
1204 2580 1298 2640 natos
1313 2575 1408 2659 gemi-

249 2696 306 2740 nos
325 2697 388 2741 uno
406 2678 523 2761 pariter
541 2680 629 2740 utero
649 2675 765 2755 editos;
784 2695 883 2740 unum
903 2674 943 2740 ad
963 2677 1125 2761 superiora
1147 2676 1274 2742 divinae
1294 2679 1407 2763 gratiae

249 2785 431 2864 penetrase,
442 2779 538 2842 alium
549 2778 748 2843 ad'insoriora
757 2778 851 2843 inferi
863 2777 1036 2842 devenisse.
1060 2777 1167 2844 Unum
1181 2781 1320 2866 itaquae
1334 2780 1407 2847 duo-

250 2883 323 2965 buS,
348 2884 465 2966 inquit:
498 2889 553 2945 aut
577 2888 706 2947 naturae
735 2882 836 2946 malae
861 2888 935 2946 sunt
958 2880 1031 2963 filii,
1056 2887 1088 2946 ct
1114 2881 1206 2948 ambo
1238 2883 1302 2951 ¹sic
1328 2882 1407 2970 quod

249 2991 324 3050 sunt
336 2989 413 3065 nati,
428 2984 611 3050 2’damnandi
627 2991 710 3067 sunt,
724 2991 779 3049 aut
793 2992 923 3049 naturae
938 2984 1038 3050 bonae
1054 2992 1138 3069 sunt,
1153 2991 1185 3050 et
1198 3007 1256 3072 pro
1270 2986 1351 3053 facti
1363 2987 1407 3053 sui

249 3089 397 3172 qualitate
418 3091 498 3152 iusto
513 3088 610 3153 alium
624 3087 801 3153 benedictio
823 3090 998 3171 coronavit,
1017 3087 1114 3153 alium
1132 3087 1314 3156 maledictio
1335 3110 1408 3157 con·

249 3190 417 3255 demnavit.
453 3191 537 3256 Haec
553 3191 647 3256 ethis
662 3191 776 3255 similia
790 3190 954 3255 adserente
969 3197 1078 3256 sancto
1092 3191 1244 3276 Perigeue
1258 3192 1409 3278 aliquanti

249 3295 411 3359 credentes
428 3297 570 3358 conversi
585 3295 712 3358 suntab
728 3314 830 3359 errore
845 3293 904 3359 hoc
919 3296 1072 3379 pessimo:
1093 3315 1157 3360 non
1172 3294 1341 3363 credentes
1354 3316 1407 3365 au·

249 3404 323 3478 tem,
338 3417 396 3461 nec
412 3403 640 3479 convertentes,
654 3396 755 3479 gladio
771 3403 845 3462 sunt
859 3396 1068 3462 anathematis
1082 3399 1246 3483 amputati.

122 3520 173 3574 co.
185 3521 231 3561 xx.
311 3501 457 3565 Haeresis
476 3503 626 3564 vicesima
645 3501 728 3586 apud
748 3501 872 3565 Cretam
891 3499 1189 3567 Archonticornma
1211 3503 1409 3592 principibu·

248 3624 361 3669 nomen
376 3605 507 3689 acecpit.
530 3604 693 3688 Principes
708 3607 792 3668 enim
807 3625 841 3668 se
857 3603 958 3669 colere
972 3606 1101 3687 iactant,
1115 3624 1194 3689 quos
1208 3605 1322 3673 dicunt
1335 3628 1409 3675 con·

248 3707 365 3771 didisse
379 3707 463 3772 hunc
477 3705 639 3771 mnndum.
661 3706 727 3771 Hos
742 3713 870 3772 sanctus
884 3705 1052 3772 Dioscorus
1066 3708 1227 3773 Cretensis
1241 3712 1410 3800 episcopua

249 3811 478 3892 condemnavit,
494 3809 610 3874 docens
624 3830 722 3874 unum
737 3816 770 3874 et
783 3830 892 3875 verum
907 3809 1001 3875 deum
1015 3812 1049 3874 in
1062 3816 1168 3897 partes
1183 3810 1410 3882 substantiales

247 3917 372 3998 penitus
388 3913 486 3978 dividi
505 3915 632 3978 omnino
652 3933 716 3978 uon
737 3933 843 4000 posse;
863 3911 948 3979 hunc
967 3933 1036 3978 esse
1057 3913 1151 3980 deum
1170 3915 1226 4000 qni
1238 3936 1274 3982 se
1288 3923 1409 4005 etpro-

248 4017 349 4102 phetis
366 4016 503 4082 ostendit
518 4024 549 4080 ct
565 4018 597 4081 in
617 4037 651 4081 se
672 4019 835 4082 credentes
856 4017 895 4083 ab
916 4018 1061 4082 omnibus
1082 4017 1231 4104 periculis
1252 4018 1410 4103 liberavit,

247 4120 328 4184 sicut
341 4119 418 4202 Noi,
432 4122 514 4186 siout
526 4120 680 4202 Abraam,
694 4119 800 4201 Isaac,
812 4119 904 4185 Iacob
920 4118 1062 4206 filiosque
1075 4118 1188 4205 Israil,
1207 4120 1336 4209 Ionam,
1348 4124 1409 4193 Sn-

247 4244 395 4305 sannam,
412 4230 477 4288 tres
497 4244 625 4310 pueros3
646 4229 678 4288 et
697 4222 939 4289 innumerabilia
957 4244 1032 4309 erga
1051 4223 1215 4291 credentes
1228 4227 1264 4291 in
1277 4246 1316 4293 aa
1328 4246 1409 4313 quac

297 4445 321 4499 2.
332 4444 537 4513 Mesopotamiae
548 4443 604 4498 MS.
621 4445 689 4514 Aup.
706 4445 922 4516 Mesopotamiam
930 4445 987 4500 MS.
999 4446 1079 4510 Rara,
1090 4454 1116 4499 et
1125 4444 1269 4502 edd&
1282 4449 1407 4503 &adad

246 4515 272 4566 in
284 4514 474 4584 Mesopotamia
485 4513 562 4567 habet
572 4515 627 4567 cod.
638 4533 684 4566 ors.
695 4513 830 4569 Dauum.
880 4514 906 4568 3.
923 4514 994 4568 Esai,
1003 4515 1036 4580 V,
1047 4515 1089 4568 20.

297 4581 358 4652 Gap.
369 4581 444 4635 XIX.
456 4612 489 4622 -
504 4583 525 4634 l.
538 4583 576 4634 sic
588 4582 659 4653 quod
669 4582 724 4637 MS.
736 4583 804 4652 dap.
815 4598 863 4654 pro
873 4584 901 4637 id
912 4583 983 4654 qaod
992 4583 1050 4638 MS.
1061 4584 1140 4649 aaa,
1152 4594 1179 4639 et
1187 4584 1333 4643 odam
1343 4588 1407 4641 Gal·

247 4652 317 4703 lond.
368 4650 392 4703 2.
405 4649 522 4705 damnati
532 4650 668 4721 didatuq.
