3046 5124
544 398 877 442 osmmsmusnnna
1229 402 1290 467 213

191 557 317 625 Attiani
332 557 372 623 ab
386 559 477 623 neoc
492 563 566 622 sunt
579 560 692 639 vocati,
707 557 863 642 iidemque
876 557 1073 624 Eunomiami
1088 558 1127 622 ab
1138 555 1290 624 Eunomia
1309 572 1360 626 cn·
1372 572 1428 616 mv·

132 660 213 727 Attii
227 660 396 746 discipulo,
412 680 472 745 quo
488 663 613 725 nominc
628 663 726 744 magis
743 664 951 725 innotuerunt.
988 659 1159 726 Eunomius
1175 664 1289 747 quippe

131 764 162 828 in
177 761 341 828 dialectica
355 763 538 848 praevalens
554 766 674 828 acutius
690 769 721 825 et
747 763 900 827 celebrius
921 762 1060 827 defendit
1079 763 1159 827 hanc
1179 764 1288 828 haere-

130 864 205 947 sim,
225 864 412 931 dissimilem
430 887 486 953 per
507 869 611 930 omnia
626 868 706 950 patri
723 887 865 930 asserens
881 864 996 949 filium,
1017 871 1049 929 et
1064 865 1127 930 silio
1143 868 1290 951 spiritum

129 974 282 1035 sanctum.
319 968 428 1033 Fertur
443 972 538 1033 etiam
554 989 651 1052 usquo
667 969 744 1034 adeo
761 970 856 1032 luisse
872 969 963 1033 bonis
978 968 1116 1031 moribus
1132 971 1288 1050 inimicus

128 1076 164 1137 nt
178 1077 372 1137 asseveraret
392 1070 474 1156 quod
495 1072 572 1135 nihil
593 1074 704 1157 cuique
726 1072 850 1136 obesset
870 1071 1079 1154 quorumlibet
1098 1073 1287 1156 perpetratio

127 1194 164 1241 ac
178 1177 411 1261 perseverantia
427 1180 641 1259 pcccatorum,
661 1177 687 1238 si
702 1173 794 1239 huius
810 1194 890 1260 quae
906 1174 945 1238 ab
962 1174 1015 1240 illo
1031 1174 1201 1240 docebatur
1215 1173 1288 1238 fidei

126 1280 285 1367 particeps
301 1284 392 1342 esset.
1451 1336 1456 1347 ,

189 1378 430 1465 Apollinaristas
445 1378 635 1465 Apollinaris
652 1382 801 1462 instituit,
822 1381 875 1462 qni
897 1379 935 1443 dc
951 1381 1056 1444 anima
1072 1378 1186 1444 Christi
1202 1399 1221 1443 a
1235 1401 1288 1444 ca·
1307 1393 1357 1444 err·
1371 1394 1414 1434 bv-

127 1480 243 1550 thelica
257 1482 488 1563 dissenserunt,
504 1482 643 1547 dicentes
659 1485 740 1547 sicut
754 1483 862 1548 Ariani
880 1482 972 1547 deum
988 1481 1147 1546 Christum
1162 1503 1288 1547 carnem

127 1586 194 1651 sine
210 1588 316 1650 anima
331 1587 532 1671 ¹suscopisse.
570 1587 605 1649 ln
622 1606 683 1669 qua
698 1588 878 1669 quaestione
894 1586 1083 1649 testimoniis
1099 1583 1287 1668 evangelicis

126 1688 200 1754 victi
216 1693 372 1770 mentem,
393 1708 454 1772 qua
475 1687 635 1752 rationalis
656 1695 704 1752 est
720 1691 824 1752 anima
839 1687 991 1769 hominis,
1011 1686 1151 1751 doluisse
1166 1690 1287 1751 animae

128 1790 256 1873 Christi,
272 1790 327 1855 sed
343 1812 398 1875 pro
414 1790 472 1854 hac
488 1792 592 1874 ipsum
607 1791 738 1855 verbum
753 1794 786 1854 in
802 1811 837 1854 co
854 1791 949 1854 fuisse
967 1790 1120 1854 dixerunt.
1157 1790 1203 1853 De
1220 1793 1289 1875 ipsa

127 1908 201 1960 vero
215 1896 282 1958 eins
298 1914 389 1958 carne
405 1896 449 1958 sic
465 1916 483 1957 a
498 1901 582 1958 recta
597 1893 656 1957 lide
673 1893 859 1957 dissensisse
874 1893 1088 1978 perhibentur,
1103 1898 1137 1955 ut
1149 1891 1289 1956 dicerent

128 2014 255 2065 carnem
269 1995 354 2059 illam
369 2004 400 2060 et
414 1997 545 2061 verbum
559 1999 652 2062 unius
668 1997 868 2080 eiusdemque
885 1996 1096 2076 substantiae,
1113 1997 1286 2060 contentio·

128 2101 252 2167 sissime
268 2108 482 2165 asseverantes
500 2101 629 2165 verbum
645 2120 770 2165 carnem
787 2101 916 2181 factum,
930 2098 988 2163 hoo
1004 2103 1053 2160 cst
1068 2096 1154 2160 verbi
1170 2097 1287 2181 aliquid

128 2204 160 2269 in
174 2222 302 2269 carnem
316 2204 412 2267 fuisse
429 2225 613 2269 conversum
628 2210 720 2288 atque
735 2209 900 2284 mutatum,
914 2221 977 2266 non
992 2206 1097 2265 autem
1112 2220 1237 2264 carnem
1249 2199 1286 2264 de

126 2303 240 2373 Mariae
256 2326 348 2370 carne
363 2307 459 2371 fuisse
475 2313 661 2394 susceptam.

188 2407 483 2474 ¹Antidicomaritae
498 2410 647 2497 appellati
663 2415 736 2475 sunt
750 2408 899 2473 haeretici
919 2409 971 2492 qui
984 2406 1101 2472 Mariae
1115 2407 1287 2490 virginitati
1305 2415 1354 2467 Cur·
1368 2416 1423 2458 tvl.

125 2511 316 2596 usqueadeo
338 2511 571 2594 contradicunt,
592 2519 626 2576 ut
645 2514 802 2578 affirment
820 2532 890 2576 eam
908 2516 981 2598 post
1001 2511 1159 2575 Christum
1178 2514 1285 2574 natum

126 2614 190 2682 viro
207 2635 263 2678 suo
279 2615 376 2678 inisse
392 2617 601 2681 commixtam.

184 2717 382 2783 Postremam
400 2722 490 2803 ponit
508 2720 702 2805 Epiphanius
722 2716 996 2784 1lllassalianorum
1016 2716 1184 2798 haeresim,
1204 2716 1286 2801 quod
1305 2725 1354 2777 ⁰¹1³·
1368 2724 1433 2766 Μ·

125 2840 241 2887 nomen
262 2841 302 2884 ex
323 2819 429 2903 lingua
450 2822 529 2906 Syra
551 2830 608 2886 est.
647 2824 763 2888 Graece
785 2827 890 2885 autem
912 2818 1224 2908 ἀίοιιιιῖιιιἙὺχῖται,
1246 2820 1284 2885 ab

125 2922 243 2991 orando
260 2927 305 2987 sic
320 2924 476 3010 appellati.
514 2925 650 2991 Tantum
670 2929 755 2990 enim
771 2932 874 3006 orant,
895 2930 928 2986 ut
952 2922 997 2988 eis
1018 2923 1069 3006 qui
1088 2922 1147 2987 hoc
1169 2923 1206 2987 dc
1222 2923 1285 2988 illis

124 3026 258 3094 audiunt
271 3027 456 3091 incredibile
472 3027 623 3092 videatur.
656 3027 737 3093 Nam
752 3049 824 3094 cum
839 3025 984 3094 dominus
1000 3025 1124 3109 dixerit,
1139 3024 1286 3113 ²Oportet

124 3148 249 3217 semper
271 3150 358 3194 orare
383 3137 415 3194 et
436 3151 498 3195 non
519 3131 666 3212 delicere,
688 3138 719 3195 et
739 3130 914 3218 apostolus,
935 3128 1029 3195 ³Sine
1054 3131 1284 3196 intermissione

124 3239 222 3315 crate,
252 3232 334 3316 quod
357 3235 521 3297 sanissimo
544 3235 588 3298 sic
611 3237 777 3320 accipitur,
800 3241 835 3298 ut
857 3233 942 3299 nullo
965 3233 1015 3298 die
1038 3234 1284 3299 intermittuntur

124 3342 210 3403 certa
220 3342 361 3422 tempora
369 3336 488 3418 orandi,
502 3339 603 3401 —isti
615 3340 659 3401 ita
670 3341 763 3402 nimis
774 3338 833 3401 hoc
845 3339 973 3419 faciunt,
986 3336 1283 3403 uthinciudicaren·

123 3446 173 3506 tur
187 3441 271 3504 inter
286 3438 460 3503 haereticos
479 3440 673 3505 nominandi.
711 3442 861 3518 Quemvis
882 3439 1025 3505 nonnulli
1045 3462 1098 3505 cos
1120 3441 1226 3506 dicant
1246 3441 1283 3506 de

122 3544 308 3631 purgatione
324 3546 499 3607 animarum
513 3547 619 3609 nescio
641 3565 734 3627 qnam
752 3545 985 3631 phantasticam
1007 3551 1038 3608 ot
1058 3543 1220 3608 ridiculam
1235 3543 1281 3607 ia-

123 3646 231 3714 bulam
244 3646 406 3729 ⁴narrurc,
425 3669 552 3732 porcam
568 3642 688 3712 scilicet
703 3670 774 3713 cum
788 3648 933 3734 porcellis
950 3651 1014 3712 suis
1029 3647 1129 3711 videri
1145 3649 1228 3710 exire
1244 3645 1281 3711 de

123 3770 175 3816 ore
193 3748 333 3815 hominis
354 3750 477 3834 quando
497 3757 660 3835 purgatur,
684 3756 715 3815 ct
735 3753 767 3815 in
789 3772 860 3816 cunr
882 3750 998 3816 risibili
1020 3749 1162 3814 similiter
1178 3752 1281 3835 specie

122 3854 228 3939 ignem
243 3855 296 3938 qui
311 3874 373 3917 non
390 3853 550 3917 comburat
565 3856 691 3919 intrare.
724 3855 781 3920 llis
797 3854 938 3938 adiungit
951 3851 1142 3939 Epiphanius
1156 3850 1280 3937 Euphe-

122 3958 227 4039 onus,
240 3954 447 4040 Martyrianos
463 3963 495 4022 ct
509 3957 724 4041 ⁵Satanianos,
739 3965 771 4022 et
784 3956 842 4023 hos
857 3976 965 4022 omnes
978 3976 1049 4021 cum
1060 3954 1121 4018 illis
1132 3958 1281 4039 tanquam

189 4141 254 4212 Cap.
264 4140 317 4195 LV.
331 4171 364 4181 -
383 4144 404 4196 l.
418 4145 449 4195 Io
462 4144 534 4195 MSS.
547 4161 651 4196 carnem
663 4145 746 4196 solam
758 4145 814 4197 sine
826 4143 913 4195 anima
925 4141 1077 4210 suscepisse.
1111 4139 1230 4209 [Benedl

189 4211 253 4282 Gap.
261 4210 327 4265 LVI.
340 4242 373 4251 —
394 4213 414 4264 l.
432 4213 507 4265 Editi
522 4213 802 4277 Antidicomarianitae,
818 4213 952 4264 secundom
971 4212 1091 4262 Graecos.
1124 4209 1212 4263 Omissa
1222 4230 1280 4265 vero

124 4278 165 4333 tto
175 4278 271 4333 Ludat
280 4279 353 4334 MSS.
365 4280 600 4363 Antidiconraritae.
631 4281 750 4400 (Benaci.)
792 4318 794 4323 -
833 4353 837 4362 Ι
1076 4348 1082 4360 ,

172 4347 210 4402 Ca
230 4347 326 4402 ,nvn
337 4380 371 4388 —
392 4349 412 4402 1.
424 4340 499 4400 Edeta
509 4349 704 4402 Psalhanorum.
751 4359 761 4401 t
766 4351 882 4418 pleraque
890 4346 963 4401 MSS.
976 4346 1199 4401 Massalranorum.
1211 4349 1280 4401 Pau-

123 4421 204 4472 ciom
275 4417 440 4484 silianorum,
453 4422 496 4486 qui
507 4427 589 4470 taraco
600 4419 773 4471 thessalianos
785 4427 809 4469 et
819 4421 871 4550 ipsi
880 4416 1125 4469 hateotr'or'urlteulo
1137 4428 1194 4468 uoto
1200 4437 1280 4486 proe-

118 4490 252 4553 satr'oaerrr.
271 4485 432 4538 Concordaot
446 4487 542 4538 Graeci
552 4490 698 4554 scriptores.
715 4486 822 4555 (Boned.
870 4486 893 4536 2.
905 4484 966 4538 Luc.
977 4484 1071 4539 XVlll.
1088 4486 1109 4537 l.
1143 4486 1166 4538 3.
1179 4486 1190 4538 l
1202 4486 1278 4541 Thes.

124 4552 245 4609 athir.
280 4554 351 4608 hle
359 4552 431 4607 MSS.
440 4555 528 4607 nescio
542 4570 594 4623 qua
601 4552 764 4623 phantastica
773 4560 798 4607 et
806 4553 912 4607 ridicule
919 4554 1040 4608 fabulosa
1048 4570 1159 4608 narrare.
1176 4554 1279 4624 Bened.)

123 4619 148 4676 5.
159 4620 194 4675 Ιιι
206 4625 338 4692 inpressa
354 4622 518 4688 Satamanos,
535 4640 619 4676 eoram
634 4626 696 4676 vitio
712 4626 756 4692 qai
771 4624 917 4686 edideruot3
935 4642 993 4675 ιιαιιι
1009 4641 1091 4676 omues
1108 4623 1139 4675 M
1174 4662 1180 4676 .
1190 4627 1281 4693 semor

124 4688 286 4745 Seianianos.
322 4689 440 4760 (Bened)
