3046 5124
1229 319 1290 385 ³91

147 467 287 522 1111111111
298 468 366 537 Iegis
377 467 500 534 eiusdem,
513 469 540 521 in
552 483 631 521 causa
639 467 801 521 necessitatis
810 467 852 521 vel
859 468 1020 538 privationis,
1031 469 1114 538 possit
1139 484 1216 522 ueros
1225 487 1290 524 non·

130 485 192 589 dum
204 543 279 590 natos
291 545 366 589 extra
378 543 479 589 uterum
495 538 564 589 intus
582 536 743 589 sanctfficare
755 536 855 605 gratiae
864 553 927 590 snae
936 537 968 590 ba
988 537 1073 600 tiemo,
1086 554 1101 587 v
1135 538 1229 600 ahtute
1238 540 1289 609 spi·

129 606 194 658 11111
206 605 299 669 sancti,
311 611 341 657 nt
352 606 389 658 ait
400 604 527 658 Iohannes
540 605 571 656 de
582 605 682 658 Csrson
692 621 804 657 sermon.
816 605 843 656 in
855 605 955 657 nativit.
995 605 1064 658 ariae
1075 605 1184 674 virginis
1194 613 1257 677 part
1265 607 1290 661 3.

130 674 282 727 considerat.
295 673 319 728 2.
332 672 429 727 11119.
447 674 512 727 Vere
525 674 605 753 igitur
616 674 706 726 scribit
717 674 837 726 hibertus
849 674 963 742 Magnus
974 672 1157 725 Ratisbonens.
1169 676 1247 744 episc.
1258 675 1289 729 de

129 751 292 797 sacramento
305 741 474 795 eucharistiae
487 742 598 796 distinct.
609 741 653 795 VI.
669 747 742 793 tract.
755 741 778 793 2.
797 758 851 810 cap.
867 741 889 795 1.
919 742 968 793 Ille
984 746 1011 792 im
1027 759 1073 811 quo
1091 742 1230 810 baptismus
1242 763 1290 796 non

130 819 270 880 contempta
281 812 331 862 reli
347 814 420 877 ionis,
431 812 477 862 sed
505 829 533 860 er
545 812 680 862 articulum
689 814 847 862 necessitatis
856 811 1005 873 excluditur,
1018 829 1066 861 nare
1075 814 1290 878 amittitfruetnm

130 879 258 947 baptisimi,
266 880 313 931 aed
324 830 466 947 inparatus
494 880 723 947 aptismoflaminis
733 882 760 929 in
771 882 865 946 spiritu
876 887 964 930 sancio
976 887 1116 947 reputatur.
1144 877 1213 931 Tunc
1226 883 1290 931 enim

128 949 247 1071 ‘giem
257 947 427 1008 invisibiliter,
440 964 495 998 cum
506 951 648 1012 mysterium
660 948 779 1014 baptismi
790 965 838 997 non
851 955 1002 1015 coretemptus
1013 948 1157 1013 reliqienis,
1168 949 1215 998 secl
1226 952 1289 1000 arti·

171 1034 200 1066 us
210 1019 368 1068 necessitatis
379 1016 496 1067 excludit.
510 1015 604 1072 ,Petrus
616 1014 777 1068 Lombardus
788 1019 899 1067 sentent
911 1015 956 1068 lib.
968 1014 1011 1067 IV.
1024 1015 1136 1066 distinct.
1149 1013 1190 1066 IV.
1208 1014 1289 1069 Bern-

128 1081 224 1136 hardus
235 1084 324 1136 hbbas
337 1083 488 1135 claraevall.
500 1085 574 1152 epist
586 1083 716 1136 LXXVII.
728 1083 760 1134 ad
771 1083 813 1134 Hu
834 1099 910 1135 onem
927 1082 959 1134 de
971 1083 998 1135 S.
1011 1082 1122 1134 Victore.
1151 1082 1288 1137 Durandns

128 1151 172 1204 lib.
184 1151 227 1206 IV.
241 1151 354 1204 distinct.
364 1152 408 1205 IV.
421 1157 519 1220 quaest.
532 1151 551 1204 l.
565 1150 633 1205 Geor
653 1152 694 1204 ins
707 1151 804 1203 Cassan
823 1150 893 1219 erdo
905 1151 1032 1231 baptismo
1042 1151 1179 1216 infantum,
1192 1152 1219 1205 in
1229 1169 1288 1204 con·

128 1221 189 1273 sult.
203 1220 235 1272 ad
246 1220 437 1272 Fordinandum
449 1220 514 1289 Imp.
528 1166 688 1272 articuloXX.
700 1219 772 1289 p.til.
784 1217 1003 1272 lohanCalvmns
1016 1221 1046 1271 de
1054 1220 1182 1289 baptismo
1195 1219 1287 1274 lib.lV.

129 1288 239 1340 institut.
253 1305 308 1357 cap.
320 1289 378 1341 XV.
392 1291 406 1354 ξ
419 1287 460 1341 10.
474 1304 529 1357 cap.
541 1287 610 1341 XVI.
624 1287 692 1354 118.

179 1355 286 1409 Nullum
298 1355 510 1409 catechumenum
527 1357 607 1408 vitam
624 1363 756 1409 aeternam
774 1355 868 1408 habere
885 1355 1022 1424 credimus]
1052 1356 1134 1409 Autor
1150 1356 1181 1408 de
1193 1356 1243 1410 fide
1256 1357 1288 1409 ad

129 1423 233 1478 Petrum
245 1424 390 1477 Diaconum
403 1441 459 1494 cap.
470 1424 494 1478 3.
506 1424 551 1478 Iol.
565 1424 620 1477 159.
643 1424 741 1475 Exilia
754 1434 869 1493 tempore,
881 1442 927 1492 quo
939 1426 1055 1476 anlerator
1067 1434 1149 1476 noster
1162 1427 1239 1476 drait:
1258 1426 1289 1477 Si

129 1497 185 1562 quis
196 1503 359 1560 reqeneratus
371 1511 420 1544 non
426 1497 511 1561 querit
521 1511 551 1544 ee
563 1513 580 1544 a
614 1513 630 1544 a
643 1501 667 1543 et
677 1496 782 1561 spiritu,
800 1511 849 1544 non
863 1501 946 1560 potest
960 1496 1066 1544 introire
1077 1497 1104 1543 in
1116 1512 1219 1560 requam
1231 1496 1286 1546 dei:

129 1561 221 1629 absque
232 1570 391 1613 sacramento
404 1563 563 1630 baptismatis
583 1572 690 1630 praeter
702 1578 754 1622 ece,
773 1565 853 1630 quiin
866 1562 973 1612 ecclesia
987 1560 1115 1612 catholica
1127 1565 1181 1612 eine
1192 1563 1287 1630 baptis·

129 1638 252 1698 matepro
266 1629 365 1681 Christo
376 1633 523 1695 sanquinem
564 1631 653 1692 ndunt)
671 1646 715 1681 nec
728 1647 831 1695 repnum
849 1630 975 1680 caelorum
1004 1633 1205 1698 otestquisquam
1217 1633 1287 1682 acci·

126 1715 196 1765 pere,
209 1716 254 1748 nec
265 1702 343 1748 sitam
356 1707 492 1749 aeternam.
517 1633 627 1764 Cirillus
640 1697 864 1764 Hierosolymitan.
873 1695 897 1748 3.
911 1647 1036 1749 cateches.
1048 1697 1185 1750 illuminat.
1197 1698 1287 1750 Hiero·

128 1767 220 1834 solym.
231 1783 257 1852 p.
268 1765 308 1817 61.
318 1767 372 1825 stru
386 1764 418 1834 μὴ
428 1761 490 1833 lilim
503 1765 531 1815 rb
545 1762 676 1833 βάπτισμα,
690 1765 810 1833 σωτηρίαν
823 1763 868 1814 οὐκ
880 1760 937 1834 ἔχει,
951 1762 1014 1830 πλὴν
1026 1766 1100 1834 μόνον
1114 1766 1251 1835 μαρτύρων,
1265 1767 1287 1817 οἳ

129 1832 168 1884 nai
177 1851 253 1902 χωρις
263 1837 306 1884 τοῦ
319 1833 407 1892 ὓδατος
420 1820 571 1902 λαμβάνουσι
583 1831 625 1898 τὴν
639 1832 769 1901 βασιλείαν.
786 1833 817 1883 Si
827 1837 882 1900 quis
894 1851 941 1884 non
953 1834 1110 1902 baptisatur,
1122 1837 1226 1886 salntem
1240 1853 1288 1886 reon

128 1901 210 1963 habet,
218 1903 398 1970 praetersolos
406 1911 538 1968 martyres,
552 1906 595 1982 qui
607 1902 645 1952 ael
652 1905 705 1952 sine
715 1919 783 1969 aqua
795 1919 872 1968 reqno
882 1903 986 1953 caelesti
1012 1905 1128 1956 otiantur.
1146 1902 1288 1956 Bernhardi

128 1971 256 2022 sententie
267 1970 412 2038 benignior,
423 1971 509 2038 magis
521 1987 590 2022 enim
602 1970 709 2021 inclinat
720 1968 752 2020 ad
765 1968 959 2021 humanitatem.
978 1920 1011 2020 Ili
1022 1975 1123 2032 maiori,
1135 1971 1248 2040 (inquito
1267 1972 1288 2024 i·

128 2039 195 2091 stola
206 2037 336 2090 LXXVII.
349 2038 381 2089 ad
392 2039 530 2107 Hugonem
542 2038 587 2091 fol.
600 2036 684 2105 1483.)
701 2046 785 2089 aetate
801 2042 911 2105 quisquis
916 2049 983 2155 post
998 2040 1126 2105 culqatum
1142 2040 1230 2108 ubmue
1243 1988 1286 2091 bpa-

123 2109 214 2175 ptiemi
225 2108 359 2158 remedium
371 2111 454 2158 renuit
465 2111 517 2158 iam
530 2108 670 2175 baptisari,
681 2106 798 2172 qencrali
813 2110 914 2172 oriqina
927 2110 981 2174 ique
997 2108 1113 2158 emaculas
1123 2109 1205 2159 addit
1222 2117 1244 2158 et
1257 2126 1286 2159 ea

123 2179 255 2244 proposito
268 2179 361 2226 crimen
373 2176 507 2243 superbiae
523 2177 647 2242 duplicem
664 2192 747 2225 secum
759 2185 869 2242 portans
880 2177 1032 2226 iustissimae
1044 2177 1214 2228 damnationis
1226 2194 1286 2228 cau·

126 2261 189 2305 eam,
201 2248 225 2295 ai
235 2248 273 2294 sie
286 2245 317 2294 de
329 2261 433 2312 corpore
446 2248 514 2294 erire
527 2247 666 2310 corstiqerit.
689 2243 783 2294 Tamen
793 2247 817 2294 ei
829 2251 887 2294 ante
900 2247 991 2294 emitum
1003 2247 1151 2312 resipuerit,
1170 2255 1194 2295 et
1204 2247 1285 2296 uolue-

127 2315 169 2373 rit,
182 2321 205 2363 et
212 2315 319 2379 petierit
329 2312 465 2380 baptizari,
482 2313 527 2362 sed
537 2315 624 2364 mortes
631 2320 838 2379 praeoccupatus
850 2312 958 2363 articulo
968 2315 1039 2379 sorte
1052 2312 1163 2364 obtinere
1173 2317 1285 2381 nequies·

126 2383 169 2442 rit,
182 2381 240 2431 dam
252 2398 300 2431 non
313 2382 377 2432 desit
381 2382 449 2447 fides
460 2387 545 2441 recta,
563 2397 619 2448 spes
627 2383 684 2447 pia,
697 2379 814 2430 charitas
825 2382 940 2441 sincera,
954 2383 1083 2448 propitius
1098 2384 1134 2432 sit
1143 2380 1206 2432 mihi
1218 2383 1285 2444 deus,

126 2451 187 2518 quia
200 2466 244 2515 eqo
257 2447 315 2498 huic
327 2449 356 2499 ab
369 2450 448 2500 solam
460 2469 477 2500 a
511 2467 553 2499 am
568 2451 592 2498 si
610 2450 730 2515 defice-rit,
750 2465 904 2516 nequaquam
921 2452 1018 2499 omnino
1031 2466 1132 2516 possum
1149 2451 1286 2518 desperare

125 2517 238 2578 salutem,
252 2534 296 2567 nec
308 2533 416 2567 vacuam
429 2468 625 2584 crediirefidem,
639 2534 683 2568 nec
696 2518 847 2583 confundere
858 2534 933 2584 spem,
947 2534 991 2566 nec
1001 2518 1117 2568 excidere
1126 2517 1285 2580 chamtutem,

127 2592 222 2636 tantum
234 2588 259 2634 si
269 2602 361 2664 aquam
374 2604 422 2637 non
435 2595 528 2636 contem
547 2595 592 2646 tus,
604 2587 650 2636 sed
660 2586 715 2636 sola
727 2585 841 2649 (ntdiri)
849 2583 1189 2664 prohibeatimpossibilitas.
1207 2587 1285 2638 Acce·

127 2653 164 2706 dit
176 2652 329 2705 Ambrosius
348 2653 378 2704 de
396 2653 468 2705 obitu
486 2653 507 2704 V
534 2653 659 2705 catiniani
675 2652 739 2720 Imp.
756 2650 839 2704 adhuc
857 2650 1035 2705 catechumeni
1051 2660 1113 2705 tom.
1122 2654 1152 2706 V.
1170 2654 1283 2709 111111.

125 2722 212 2773 Audio
224 2740 266 2773 cos
279 2723 362 2773 dolere
373 2724 439 2790 qnod
454 2741 502 2772 non
518 2725 647 2790 acceperit
662 2731 825 2772 sacramenta
838 2721 1005 2789 baptismatis.
1034 2721 1207 2784 Dicitemihi,
1216 2725 1287 2791 ¹quid

126 2791 200 2842 alind
211 2801 247 2841 est
258 2794 284 2840 in
297 2790 366 2841 nodis
378 2794 428 2840 nisi
439 2792 565 2852 uoluntas,
585 2793 635 2841 uisi
642 2793 739 2858 petitio.
769 2790 848 2856 atque·
865 2791 957 2840 dicdum
973 2789 1019 2841 hoc
1037 2793 1089 2841 coti
1099 2790 1188 2842 hahuit
1199 2801 1226 2843 ut
1236 2794 1284 2843 ini·

126 2861 242 2912 tinretur.
273 2857 332 2909 Non
349 2857 424 2910 hahet
439 2877 498 2925 erqo
514 2862 629 2924 qratiam
646 2876 720 2926 qnam
737 2859 905 2920 desideravit,·
922 2876 970 2909 non
987 2857 1147 2927 habetquam
1155 2863 1287 2928 poposcit!

126 2937 193 2979 certe
205 2931 265 2995 quia
273 2930 402 2994 poposcit,
420 2930 527 2994 accepit.
563 2925 632 2978 Unde
648 2935 685 2976 est
699 2927 778 2977 illud.-
794 2930 873 2976 iastus
885 2944 1030 2994 quacunque
1045 2935 1123 2978 morte
1129 2937 1286 2996 praemeritus

119 2999 215 3064 fuerit,
234 2999 321 3046 anima
339 2999 391 3045 eius
408 2999 435 3044 ia
452 2998 588 3062 resriqerio
605 3006 647 3046 est.
676 2993 749 3046 Solae
764 2998 844 3061 iqitur
855 3004 934 3062 pater
951 3003 1038 3045 annecte
1054 3013 1140 3046 rannus
1151 3013 1222 3048 servo
1235 3006 1284 3061 tuo,

125 3065 191 3133 qnod
199 3067 316 3132 poposcit
325 3081 410 3124 sarens,
422 3064 543 3124 robustus,
556 3065 693 3115 incolumis.
710 3060 741 3113 Si
752 3065 858 3131 affectus
870 3064 1029 3128 aspritudine
1041 3064 1189 3128 distulisset,
1202 3074 1285 3118 tamen

126 3150 173 3184 non
181 3134 282 3199 penitus
294 3151 311 3182 a
324 3142 367 3182 tua
379 3133 556 3183 misericordia
569 3143 631 3183 esset
643 3133 748 3193 alienus,
760 3135 803 3200 qui
815 3132 944 3182 celeritate
957 3135 1087 3200 temporis,
1101 3151 1148 3184 non
1159 3135 1285 3187 voluntate

125 3209 189 3253 esset
197 3202 348 3267 fraudatas.
381 3198 432 3259 Qui
446 3199 534 3250 habuit
550 3203 666 3268 spiritum
678 3208 756 3261 tuum,
774 3200 891 3266 quomodo
909 3218 956 3250 non
968 3205 1070 3269 accepit
1080 3205 1194 3268 qratiam
1208 3213 1283 3254 tuam

126 3269 181 3319 Aut
190 3272 215 3318 si
225 3272 285 3337 quia
297 3269 431 3319 solenniter
443 3286 490 3319 raon
502 3277 561 3318 sunt
571 3269 699 3320 celebrata
712 3271 839 3332 mysteria,
852 3266 898 3319 hoc
910 3277 1001 3320 movet.-
1014 3287 1072 3336 erqo
1085 3280 1109 3322 et
1117 3279 1249 3337 martyres,
1260 3276 1285 3322 si

126 3335 300 3389 catechumeni
310 3346 373 3399 sunt,
386 3355 433 3389 non
446 3345 604 3389 carorueatur.
623 3335 682 3387 Non
694 3339 758 3387 enim
771 3344 932 3398 coronantur,
944 3340 968 3388 si
979 3355 1027 3389 non
1038 3341 1182 3390 initiantur.
1212 3340 1285 3400 Quod

124 3408 148 3456 si
158 3423 201 3456 suo
214 3405 349 3456 abluuntur
360 3409 490 3472 sanquine,
504 3415 528 3456 et
538 3405 604 3455 hunc
615 3422 663 3455 sno
672 3407 757 3471 pietas
767 3405 848 3455 abluit
858 3413 883 3456 et
889 3407 1011 3459 noluntas.
1030 3405 1170 3475 Zwingliua
1179 3423 1232 3459 non
1242 3424 1283 3459 so·

124 3474 179 3526 lum
191 3471 397 3536 catechumenis,
415 3474 501 3542 quiin
519 3473 593 3525 bonis
605 3473 726 3540 operibus
737 3473 834 3525 mortui
845 3479 917 3538 sunt,
934 3490 1022 3529 verum
1039 3476 1116 3526 etiam
1133 3476 1282 3554 gentilibus,

142 3543 168 3594 11
181 3542 286 3594 omnino
297 3540 426 3594 Christum
439 3543 599 3610 ignorarunt,
611 3542 692 3593 vitam
701 3547 833 3593 aeternam
844 3542 987 3610 pollicetur.
1004 3543 1044 3595 lta
1056 3543 1125 3594 enim
1136 3559 1163 3594 111
1173 3544 1282 3612 exposit.

123 3559 185 3663 daei
197 3608 357 3662 Christianae
369 3610 413 3662 fol.
426 3610 483 3664 559.
501 3610 600 3679 Regem
614 3608 714 3662 Galliae
725 3610 876 3678 alloquitur:
896 3610 997 3662 Videbis
1009 3615 1035 3662 in
1048 3620 1151 3663 aete-rna
1163 3616 1282 3665 societate

124 3697 206 3730 omnes
216 3689 327 3739 satiatos,
335 3683 400 3745 pios,
411 3683 546 3747 sapientes,
552 3683 649 3747 sbrius,
661 3687 686 3730 et
696 3678 808 3730 honestos
820 3679 941 3740 hormines,
959 3679 1058 3741 Adam,
1076 3678 1177 3742 Enoch,
1195 3679 1281 3745 Noai,

124 3746 267 3808 Amatam,
280 3746 390 3808 Petram,
400 3746 514 3809 Paulum,
524 3747 667 3810 Herculem,
681 3746 806 3809 Theseum,
815 3746 952 3808 Socratem,
962 3747 1110 3809 Aristidem,
1120 3746 1281 3814 Antiqonum,

123 3814 243 3877 Numam,
257 3814 398 3875 Camillum,
412 3814 518 3866 Catones
530 3826 555 3868 et
563 3816 701 3884 Scipiones.
719 3815 788 3868 llaec
801 3816 950 3878 1111111111,
966 3813 1030 3867 haec
1046 3830 1114 3867 nova
1129 3821 1200 3880 1111,
1216 3815 1281 3870 haee

123 3884 190 3937 falsa
202 3889 271 3936 sunt.
301 3883 368 3934 Mira
379 3887 526 3951 stupemus,
538 3901 606 3936 nova
618 3899 750 3946 cavemus,
762 3883 829 3936 falsa
840 3882 1012 3951 repudiamus.
1040 3881 1179 3951 Angustia.
1191 3891 1281 3939 contra

122 3951 252 4005 lulianum
263 3950 436 4020 Pelagianum-
444 3951 487 4004 lib.
499 3951 523 4004 3.
536 3969 591 4022 cap.
603 3952 628 4006 3.
641 3953 685 4006 fol.
698 3951 755 4003 676.
772 3949 1280 4020 111111111101111111111111111011-

124 4036 191 4090 gene
202 4021 230 4072 in
240 4019 403 4072 Matthaeum
416 4036 470 4088 cap.
479 4020 577 4075 XXVI.
590 4026 664 4074 tract.
677 4020 789 4074 XXXV.
801 4019 845 4071 Iol.
860 4017 928 4086 110.)
960 4018 1044 4088 Opera
1060 4020 1124 4072 bona
1141 4039 1204 4088 quae
1214 4025 1282 4090 fiunt

124 4097 157 4141 ab
173 4089 315 4158 infidelibus
330 4093 358 4138 in
374 4088 421 4139 boc
438 4090 521 4138 seculo
537 4090 590 4139 illis
604 4099 719 4158 prosunt,
738 4107 785 4140 reon
803 4096 828 4138 et
842 4091 869 4137 in
885 4087 978 4140 illaad
996 4092 1190 4157 consequendam
1202 4095 1280 4143 ritum

124 4166 262 4210 aeternam.
281 4155 343 4208 Vide
356 4154 526 4208 Athanasium
538 4156 570 4208 ad
583 4156 737 4210 Antiochum
754 4160 853 4224 quaest.
866 4153 893 4208 C.
909 4155 953 4208 tot
966 4154 1023 4209 303.
1035 4162 1097 4209 tom.
1110 4157 1133 4211 2.
1157 4158 1279 4228 Augusti·

123 4243 186 4280 num
198 4225 225 4277 in
236 4224 331 4278 Psalm.
342 4223 444 4278 XXXI.
459 4231 484 4277 et
496 4223 598 4277 LXVII.
628 4224 724 4279 Contra
741 4223 868 4276 Iulianum
883 4221 1055 4294 Pelagianum
1071 4225 1115 4280 lib.
1128 4225 1171 4281 IV.
1185 4243 1240 4296 cap.
1253 4227 1277 4282 3.

124 4295 155 4347 de
167 4294 251 4364 gratia
263 4291 357 4346 Christi
374 4300 464 4345 contra
478 4292 613 4360 Pelagium
630 4301 656 4346 ot
668 4292 840 4346 Caelestinum
856 4292 900 4345 lib.
909 4293 929 4346 l.
943 4309 998 4364 cap.
1010 4293 1106 4348 XXVI.
1137 4293 1278 4366 Georgium

124 4362 297 4417 Cassandrum
309 4363 336 4414 in
348 4362 483 4414 consultat.
497 4361 595 4413 articul.
609 4362 637 4415 V.
650 4379 675 4432 p.
684 4360 717 4414 38
729 4361 760 4412 de
773 4361 892 4430 operibns
903 4361 1048 4431 impiorum.

173 4430 288 4501 Excepto
299 4431 434 4499 martyrio,
447 4431 492 4483 ubi
503 4436 558 4482 tota
572 4430 692 4499 baptismi
704 4436 865 4482 sacramenta
877 4431 1048 4500 complentur]
1076 4429 1178 4499 Dogma
1189 4432 1220 4484 de
1232 4433 1276 4487 ba·

122 4500 218 4570 ptismo
230 4499 364 4567 scngnInis
376 4504 450 4551 vetus
463 4505 511 4562 est,
523 4499 596 4550 cuins
609 4499 688 4551 etiam
699 4498 817 4551 meminit
829 4497 947 4551 Clemens
958 4498 1094 4555 Constitui.
1102 4501 1274 4570 ApostlibV.

124 4583 179 4639 cap.
191 4568 223 4623 V.
239 4567 411 4622 Tertullianus
428 4565 459 4621 de
481 4567 609 4638 baptismo
627 4583 684 4638 cap.
695 4567 766 4622 XVI.
789 4567 816 4620 in
838 4566 975 4637 Scorpiaco
998 4568 1120 4624 adsersus
1139 4567 1275 4627 Gnosticos
