3046 5124
251 382 312 449 100
764 383 915 425 emanaret

248 544 342 623 ptura
355 538 439 602 dieat
454 541 486 601 et
499 557 594 601 unam
609 537 763 620 linguam⁸
778 545 810 601 et
830 538 981 620 linguam.
1016 539 1049 603 Si
1069 559 1141 622 ergo
1161 544 1229 602 erat
1246 544 1410 620 anaante,

250 643 324 724 quia
336 643 428 726 pauci
443 647 542 722 erant,
557 642 622 704 sive
638 647 747 726 postea
760 640 890 721 multae,
906 643 978 725 quia
991 641 1082 705 multi
1096 647 1258 705 creverant
1269 645 1333 707 iarn
1344 644 1411 706 nati

248 743 390 808 homines
406 746 439 807 in
455 742 570 825 seculo,
585 765 649 808 nou
664 749 713 807 est
727 744 804 808 adeo
820 743 930 807 inutile
944 744 1003 808 hoe
1019 747 1063 807 ita
1078 747 1204 808 sentire.
1227 745 1304 809 Post
1319 747 1410 828 quin·

248 851 314 909 tam
330 845 484 911 decimam
496 848 579 911 euim
590 848 822 928 generationem
834 845 873 910 ab
881 846 983 910 Adam
994 867 1093 932 usque
1106 847 1146 911 ad
1159 846 1257 911 1Εὶιοι
1268 846 1410 910 nltncc

249 951 324 1013 anni
339 956 446 1031 sunm,
462 950 520 1014 sub
536 970 596 1034 quo
612 949 752 1013 confusio
767 951 864 1013 missa
879 956 927 1012 est
941 949 1133 1032 linguarum,
1152 955 1280 1034 propter
1296 971 1409 1035 pecca·

247 1057 315 1115 tum
331 1053 413 1135 quod
427 1053 567 1116 fecerant
580 1050 781 1115 aedificantes
796 1053 907 1115 turrim
922 1057 955 1114 et
969 1053 1143 1132 civitatem,
1159 1059 1191 1115 et
1205 1057 1240 1115 nt
1255 1051 1410 1116 rebellan-

247 1160 296 1218 tes
317 1176 336 1218 a
356 1156 413 1219 deo
433 1156 492 1219 hoc
512 1156 597 1239 passi
618 1159 699 1218 sunt.
733 1153 893 1218 Habentes
914 1156 999 1218 enim
1013 1154 1186 1237 angelicam
1200 1153 1363 1236 gratiaml,
1378 1154 1410 1218 id

249 1262 298 1321 est
311 1257 480 1321 multarum
495 1256 671 1339 linguarum
686 1258 860 1338 seientiam,
876 1278 941 1321 nou
956 1256 1168 1338 agnoscebant
1184 1257 1324 1321 datorem
1339 1262 1409 1321 tan·

247 1366 298 1423 tae
314 1362 485 1445 sapientiae
502 1360 677 1439 deminum,
699 1364 868 1443 contraque
890 1374 963 1423 eum
979 1366 1128 1424 conantes
1143 1358 1289 1445 progredi
1303 1359 1409 1444 perdi·

251 1463 379 1528 derant⁰
401 1465 547 1545 gratiam,
567 1482 660 1545 quam
681 1463 749 1526 sine
768 1459 847 1526 ²ullo
869 1461 975 1527 labore
997 1461 1145 1526 divinitus
1160 1461 1321 1526 habebant
1336 1482 1409 1526 con-

250 1586 380 1631 cessam.
414 1565 454 1630 Et
469 1565 552 1648 qued
567 1567 635 1629 sine
651 1564 754 1629 studio
770 1572 842 1630 ante
858 1564 1007 1655 donatum
1027 1565 1129 1628 fuerat
1143 1587 1162 1628 a
1176 1565 1302 1630 domino
1318 1571 1410 1628 natu·

249 1668 357 1733 taliter
372 1667 529 1750 omnibus,
544 1673 580 1731 ut
594 1668 645 1732 dei
659 1669 804 1750 imagini,
819 1666 947 1752 ³postea
960 1688 1017 1752 per
1032 1666 1171 1731 studium
1185 1673 1279 1751 atquo
1295 1667 1410 1732 doctri-

248 1792 339 1851 nam,
361 1770 516 1835 oblivione
537 1773 678 1834 immissa
700 1792 719 1833 a
740 1771 881 1852 domino,
900 1772 953 1834 vix
974 1769 1095 1834 discere
1110 1769 1335 1852 praevalebant
1348 1790 1412 1834 non

249 1894 368 1956 omnes,
383 1894 441 1939 neo
456 1872 582 1956 multas,
597 1873 654 1937 sed
667 1875 720 1938 rix
734 1893 849 1957 paucas
864 1873 997 1957 linguas,
1011 1875 1056 1937 ita
1066 1878 1102 1936 ut
1112 1879 1175 1938 tres
1188 1875 1257 1957 quis
1268 1880 1324 1938 aut
1335 1894 1411 1959 qua·

317 2043 340 2098 1.
352 2042 437 2098 Heber
450 2043 524 2113 (Ab.
566 2041 590 2097 2.
604 2041 716 2112 quodam
727 2041 816 2095 labore
829 2041 863 2097 A.
907 2041 932 2096 3.
944 2048 1038 2112 postea
1048 2058 1109 2095 vero
1121 2059 1167 2112 per
1178 2043 1213 2098 A.

282 2181 343 2251 Cap.
351 2180 407 2233 CIV
409 2211 455 2233 .—
472 2196 495 2233 a.
508 2195 589 2235 unam
598 2179 727 2249 linguam]
743 2178 804 2232 Lin-
854 2188 912 2231 ennt
921 2181 1030 2243 indicio,
1046 2181 1159 2233 ordinem
1170 2181 1241 2233 illam
1253 2183 1412 2234 cananeae

248 2266 413 2320 guamunam
424 2247 600 2302 Genes.XI.l.
614 2251 806 2310 ,eteratomaie
854 2247 1001 2311 Mcaaicae,
1020 2266 1064 2299 eea
1079 2252 1184 2300 istorum
1201 2251 1327 2317 capitam,
1349 2249 1413 2300 nibil

249 2329 320 2371 terra
333 2320 397 2370 labii
407 2318 504 2380 nniae,”
524 2315 622 2387 ,χέῖλος
636 2315 660 2368 ἓν
677 2316 717 2368 ned
735 2313 803 2385 φωνὴ
855 2315 1024 2385 obstareque
1041 2320 1121 2367 minas
1131 2325 1272 2368 statuamus
1289 2318 1412 2386 confiden-

249 2388 292 2458 μία
309 2387 391 2438 πᾶσι.”
425 2386 483 2451 (F.)
856 2393 905 2446 ter,
927 2388 1013 2436 omnin
1035 2388 1109 2436 iatine
1125 2386 1258 2437 divisionis
1273 2403 1318 2438 eea
1333 2402 1410 2438 seeee·

266 2457 290 2508 b.
303 2457 454 2524 etlingnas]
468 2453 598 2516 Quoniam
610 2453 746 2507 Gen.X.5.
759 2467 803 2505 va·
854 2456 933 2504 sionis
955 2457 1039 2522 eapite
1063 2451 1098 2507 X.
1123 2463 1276 2506 memoratae
1303 2458 1411 2506 meniaee

248 2525 301 2576 riae
312 2528 403 2591 gentes
414 2528 602 2586 memorantur,
614 2523 732 2605 singulae
742 2519 804 2572 κατὰ
855 2523 950 2573 demam
962 2531 1024 2589 poet
1036 2522 1109 2572 illam
1121 2525 1215 2590 cupide
1230 2524 1360 2574 undecimi
1375 2523 1411 2574 di·

248 2592 374 2661 γλῶσσαν,
385 2590 532 2643 <sexana
542 2589 582 2644 31.
597 2607 674 2655 „aare
686 2588 802 2660 γλώσσας
854 2608 866 2640 s
885 2593 1007 2641 amionem
1027 2598 1051 2642 et
1066 2590 1131 2641 labii
1146 2594 1326 2659 confusionem,
1347 2592 1411 2643 ande

249 2659 355 2725 αὐτῶν,”
365 2666 391 2711 et
400 2659 477 2712 XM.
493 2657 652 2728 ,conteget
663 2657 744 2708 αὐτῶν
755 2655 803 2708 ἐκεῖ
855 2608 950 2709 ddmnm
975 2659 1119 2725 linguarum
1144 2663 1260 2710 carietes
1280 2659 1411 2728 eoeperit.''

249 2727 290 2787 τὰς
300 2726 441 2796 γλώσσας.”
455 2726 642 2794 Consitndamue
651 2728 753 2794 linquae
764 2743 803 2777 eo·
854 2726 937 2792 [Hane
952 2723 1073 2778 Philaeni
1089 2727 1246 2779 sententiam
1260 2725 1411 2781 haeresibus

248 2815 315 2858 rtem,
332 2797 369 2848 ita
386 2796 455 2848 enim
469 2795 493 2847 le
548 2794 676 2846 tcodiees
689 2794 803 2874 quidam,
857 2793 994 2863 adscripsit
1005 2794 1037 2845 Al
1055 2792 1153 2847 honsus
1165 2794 1198 2848 de
1211 2794 1311 2848 Castro.
1341 2795 1412 2850 Adde

248 2872 277 2916 ut
293 2871 412 2917 notatum
439 2863 471 2916 ad
518 2863 630 2931 riginem
651 2862 682 2915 V.
699 2879 727 2914 m
747 2861 803 2914 Gel-
853 2863 1001 2916 Marianum
1044 2863 1222 2930 algrameram
1242 2863 1305 2916 Anti
1323 2879 1349 2916 n
1366 2863 1412 2916 ra-

248 2950 307 2985 sum
318 2949 379 3003 pag.
391 2932 449 2985 250.
471 2931 545 2985 Certe
556 2948 624 2984 vers.
639 2931 677 2983 ll.
692 2927 744 2994 ,bn
756 2928 804 2981 ἐκεῖ
854 2947 937 2984 norm.
949 2947 974 3000 p.
988 2930 1027 2982 71.
1040 2938 1103 2984 tom.
1117 2930 1156 2985 13.
1168 2930 1296 2985 Thesauri
1349 2933 1412 3003 tiqu

249 3001 345 3070 συνέχεε
358 3001 439 3070 κύριος
456 2998 487 3050 τὰ
522 2998 573 3063 είλη
589 2995 667 3064 πάσης
679 3001 721 3064 τῆς
734 2998 803 3068 γῆς.”
855 2998 980 3065 Siciliae]
1014 2999 1071 3066 (F.)

247 3069 375 3122 Nimirum
395 3070 478 3120 itaox
516 3068 631 3121 enes.X.
648 3066 803 3120 Philastrius
888 3084 910 3120 o.
927 3066 1202 3135 MMDCGannieunt]
1224 3068 1293 3123 2700
1306 3069 1412 3123 anniab

248 3139 349 3190 censuit
362 3138 416 3189 iam
429 3143 489 3189 ante
503 3135 711 3189 aedificationem
721 3135 805 3189 Babel
854 3136 954 3189 Adamo
966 3135 999 3189 ad
1007 3135 1145 3201 lieberum,
1156 3136 1363 3191 suntdimidium
1372 3154 1413 3192 ee·

248 3206 337 3258 multis
362 3205 472 3257 saeculis
495 3220 620 3274 magnam
638 3204 720 3257 tuisse
737 3204 805 3257 inter
854 3205 915 3257 tatis
933 3221 949 3256 a
965 3204 1069 3258 condito
1087 3205 1149 3257 orbe
1165 3205 1198 3257 ad
1219 3210 1311 3260 natum
1331 3223 1362 3259 us
1381 3223 1413 3260 ue

248 3273 365 3326 homines
381 3274 531 3341 linguarum
548 3273 711 3325 varietatem:
734 3272 803 3342 quod
855 3289 923 3326 anno
935 3272 1148 3327 ermenricum
1157 3280 1325 3328 servatorem.
1343 3275 1354 3326 l
1385 3291 1413 3327 ra

247 3359 307 3394 vero
320 3342 412 3394 deinde
425 3341 518 3394 Genes.
527 3340 574 3393 XI.
584 3341 701 3394 dicantur
713 3358 803 3394 omnes
855 3357 910 3410 cap.
926 3342 981 3393 111.
994 3348 1020 3394 et
1033 3340 1088 3395 105.
1114 3341 1166 3394 Alii
1181 3341 1331 3411 quinaturn
1342 3342 1413 3396 Chri·

247 3413 325 3463 unius
348 3411 430 3462 fuisse
452 3410 527 3473 labii,
551 3426 581 3463 eo
604 3426 685 3462 sensu
705 3409 804 3462 dietum
855 3414 924 3462 stum
950 3427 1007 3462 esse
1037 3410 1220 3463 existimarunt
1243 3428 1313 3465 anno
1343 3412 1412 3465 orbis

247 3480 273 3531 id
294 3478 466 3542 existimavit,
489 3477 558 3548 qnod
576 3479 626 3530 etsi
641 3478 714 3530 varia
731 3483 804 3531 erant
855 3477 951 3530 conditi
966 3478 1040 3531 6000.
1069 3478 1213 3548 Phalegum
1235 3478 1320 3533 filium
1335 3480 1413 3534 Eberi

247 3549 397 3628 linguarum
418 3563 528 3616 genera,
552 3563 642 3599 ornnes
664 3551 753 3598 tamen
776 3563 804 3599 se
854 3548 896 3598 rel
912 3546 1024 3599 Eburum
1041 3547 1151 3599 retulero
1172 3547 1206 3600 ad
1223 3564 1246 3602 a.
1263 3548 1341 3603 3000.
1370 3548 1413 3602 Sic

247 3617 358 3669 invicem
376 3615 570 3683 intelligebant,
587 3620 613 3666 et
630 3614 667 3667 sio
679 3630 732 3668 una
748 3619 805 3667 eret
854 3612 998 3683 Hesychius
1009 3614 1094 3684 presb.
1107 3614 1253 3683 fragmento
1271 3613 1303 3677 εἰς
1314 3615 1358 3684 τὴν
1370 3622 1413 3668 τοῦ

248 3686 368 3736 omnibus
388 3684 425 3736 lin
464 3699 492 3747 a,
512 3701 566 3736 non
587 3683 691 3752 quidem
711 3699 804 3735 eorun-
855 3682 960 3751 Χριστοῦ
973 3682 1090 3752 γέννησιν,
1102 3681 1238 3753 [Iosephus
1250 3701 1272 3737 e.
1289 3686 1310 3738 l.
1326 3686 1352 3739 Η
1387 3703 1413 3738 o·

248 3754 306 3805 dem
334 3753 417 3805 vocab
446 3768 521 3804 orum
549 3769 610 3816 usu,
642 3750 687 3802 sed
714 3750 805 3804 eadem
855 3750 1000 3816 mnestiei.]‘
1030 3750 1111 3804 Proeo
1131 3752 1172 3805 ius
1185 3750 1352 3809 Gazaetuad

248 3821 577 3890 omninmloqnentiumet
591 3818 751 3873 audientium
765 3819 804 3872 in-
855 3836 910 3873 nes.
919 3818 965 3873 XI.
977 3818 1015 3873 18.
1026 3819 1108 3872 Eusta
1139 3820 1413 3891 'usp.54.inllexai·

247 3890 399 3970 telligentia.
430 3887 747 3956 ,ltciiciuntqnidem,”in
766 3887 806 3940 uit
855 3903 945 3939 meren
958 3893 1007 3939 cte.
1042 3888 1099 3953 (F.)

248 3958 352 4010 Clauso.
363 3957 511 4010 Perizonius
528 3972 584 4027 cap.
599 3956 637 4007 14.
650 3954 740 4025 Origg.
778 3972 805 4008 a·
889 3955 913 4007 d.
931 3955 1076 4024 angelicam
1087 3957 1214 4036 gratiam]
1241 3956 1304 4012 Siue
1319 3959 1414 4026 studio,

248 4027 336 4080 blon.
347 4042 408 4096 pag.
421 4025 478 4080 296.
499 4028 565 4087 ,oiri
574 4025 670 4075 eruditi
678 4023 805 4075 tanetum
855 4023 1197 4093 naturaliterporvututem
1213 4026 1250 4079 im
1288 4027 1322 4041 ''
1350 4029 1413 4081 diri·

248 4044 369 4147 alscnam
380 4097 623 4163 interpetationem,
636 4101 661 4143 et
675 4092 747 4143 illam
765 4094 804 4144 di·
855 4107 904 4143 nae
921 4090 970 4144 hoc
987 4097 1047 4144 ante
1068 4093 1247 4148 confusionem
1288 4094 1413 4150 abelicarn

246 4167 392 4214 seruitutem
402 4164 546 4230 linguarum
562 4170 621 4213 unte
637 4163 805 4229 eorrjimionem
855 4159 945 4212 datum
953 4159 1103 4215 hominibus
1110 4162 1233 4217 divinitus
1240 4163 1413 4219 erediditPhi-

248 4231 410 4293 Bubebeam,
427 4232 473 4283 ced
489 4230 606 4282 deberent
621 4246 680 4296 erqo
695 4232 804 4281 reiicere
854 4228 970 4294 latrias,
993 4234 1023 4282 ut
1044 4230 1143 4301 linguis
1178 4232 1361 4303 uibueeunqne
1376 4233 1413 4288 lo·

174 4294 178 4303 '
248 4303 326 4350 etiam
337 4300 409 4349 illam
420 4302 581 4352 secessionem
592 4302 620 4349 in
631 4300 722 4349 narina
739 4299 805 4351 eolo·
855 4303 963 4366 quentes
984 4304 1093 4368 possent
1107 4300 1160 4353 inte
1182 4300 1188 4312 '
1209 4316 1265 4366 ere,
1281 4302 1350 4355 sicut
1368 4317 1412 4355 tn-

248 4372 371 4419 niaeante
382 4369 561 4436 dispersionem
568 4367 805 4435 Bubalieamqnnm
855 4365 916 4434 geli
932 4364 1016 4419 Infra:
1035 4368 1193 4436 ,Argolicae
1204 4373 1307 4421 oirtntr'a
1319 4379 1356 4422 est
1366 4372 1412 4422 lin·

247 4441 374 4503 utriusque
390 4439 430 4486 rei
446 4438 533 4487 eadem
549 4453 659 4505 prorsus
673 4439 708 4486 eit
727 4438 805 4498 ratio,
853 4439 995 4502 gaaeaeire
1005 4440 1112 4488 omnium
1126 4437 1273 4490 dominnm'’
1307 4438 1365 4503 (F.)

249 4515 274 4559 et
283 4514 390 4586 utrapue
401 4508 524 4556 sententia
536 4522 567 4555 ea·
579 4506 664 4557 eodem
676 4508 760 4573 eapite
769 4500 805 4559 X.
890 4518 912 4554 e.
929 4503 1106 4572 perdiderant]
1122 4504 1170 4558 Est
1184 4506 1231 4575 qni
1240 4505 1317 4559 malit
1322 4508 1411 4577 perdi·

247 4574 387 4626 velordme
401 4576 513 4641 capitam
525 4571 559 4627 X.
572 4571 658 4625 etXI.
684 4573 806 4624 Geneeece
856 4572 953 4624 derunt.
983 4572 1035 4624 Sed
1054 4574 1092 4625 ita
1107 4589 1200 4695 supra:
1215 4577 1284 4646 qnod
1295 4579 1413 4641 seaeant

247 4646 380 4712 ettpen'tn.
400 4641 470 4702 Quid
479 4644 575 4709 igitar?
586 4641 729 4694 clarissimo
740 4638 805 4695 inec
856 4641 1082 4710 nedaficentesete.
1117 4647 1133 4708 c

1156 4647 1175 4708 d
1197 4694 1201 4699 .
