3046 5124
486 352 526 393 DE
539 350 716 393 manemus
727 350 821 394 mm
1174 356 1231 421 171

76 530 143 577 m
153 532 222 577 noa
236 512 364 596 acepit.
386 507 432 574 Er
447 510 608 574 voluntate
622 513 728 593 itaque
744 512 831 575 iuxta
844 510 945 594 ⁴quod
960 512 1044 596 capit
1055 513 1187 594 quisque
1203 517 1236 575 et

75 614 245 695 desiderat,
266 615 312 676 ita
332 612 384 675 ⁵et
403 635 422 676 a
442 613 500 676 deo
520 612 643 676 Christo
664 612 712 676 ⁶ei
736 614 919 678 ⁷tribuiturt
941 621 1034 696 atque
1057 616 1235 698 impertitur

74 717 220 803 quotidie.
242 716 393 781 Diversae
409 718 503 798 igitur
515 715 682 797 dignitates
694 737 730 780 ac
743 717 884 780 divorsae.
896 716 1010 797 gloriae
1022 738 1041 779 a
1052 716 1234 781 ⁸Solomone

73 820 159 887 uobis
180 821 344 884 nuntiatae
366 825 452 883 sunt:
475 821 507 882 in
526 818 673 883 mandato
693 822 822 904 qnippe,
843 819 910 902 lego
931 825 963 882 et
983 819 1098 882 Christi
1113 820 1233 901 gratia¹¹

74 926 187 1003 omnia,
203 942 284 1006 quae
299 922 350 984 ⁹et
364 925 464 1007 primo
481 927 513 984 et
527 922 664 985 secundo
680 929 712 985 et
723 930 880 1006 postremo
894 928 1033 1007 tompore
1045 922 1168 1006 populis
1180 943 1236 1006 per

73 1026 198 1091 diversa
210 1027 395 1089 meritorum
411 1024 525 1089 collata
540 1028 604 1089 sint
618 1046 749 1088 munera
764 1026 935 1107 dignit-atis,
950 1031 985 1088 ut
999 1027 1096 1109 priori
1111 1026 1235 1109 populo,

73 1126 187 1193 deinde
201 1126 400 1208 Iudaeorum,
412 1131 504 1191 tertio
516 1127 774 1208 Christianorum,
793 1130 846 1210 qui
857 1128 896 1191 ab
911 1127 975 1190 illis
991 1128 1235 1212 ¹⁰prioribnspuc

73 1233 123 1316 qui
145 1237 224 1293 ante
239 1230 370 1294 Iudaeos
392 1231 520 1294 fuerunt
542 1252 613 1294 cnm
636 1230 829 1310 edocemus,
851 1233 884 1293 in
900 1230 1014 1294 l'hristi
1036 1231 1235 1315 praesentia*

73 1332 133 1397 ¹¹et
146 1332 189 1398 de
204 1332 321 1396 Christi
342 1332 510 1397 diversam¹
531 1335 660 1397 effusam
677 1337 808 1415 gratiam
831 1333 1027 1417 capientibus
1039 1339 1071 1396 et
1083 1355 1234 1417 quaeren-

72 1436 156 1501 tibus
172 1434 314 1518 quotidie
324 1435 525 1523 pervidemus
538 1437 665 1500 effundi.
688 1437 768 1500 Nam
780 1436 862 1520 quod
874 1436 952 1498 aliae
964 1438 1086 1499 animae
1099 1437 1139 1500 ad
1155 1436 1234 1500 ¹2re-

72 1540 200 1623 gimina,
216 1538 296 1601 aliae
311 1538 353 1602 ad
367 1541 634 1620 coniunctionem,
650 1540 728 1603 aliae
744 1539 781 1602 ad
798 1541 1027 1601 incrementum
1041 1540 1235 1623 perfectioris

74 1642 213 1705 eurise
229 1642 261 1703 in
277 1643 530 1705 coniunctionem
546 1640 667 1705 futurae
688 1641 760 1705 fidei
776 1641 890 1703 Christi
906 1640 1024 1704 domini
1045 1640 1234 1723 ¹³vocontur,

73 1744 276 1807 manifestum
291 1750 357 1826 eet,
373 1744 496 1807 dicente
519 1744 672 1827 apostolo,
705 1746 770 1822 Qui
796 1743 938 1807 cohaeret
956 1744 1076 1808 (ebrato
1100 1746 1235 1827 doctrino,

73 1868 171 1911 saum
186 1867 301 1931 corpus
315 1857 388 1910 cst¹¹.
418 1847 496 1910 Nam
513 1848 566 1910 ubi
583 1850 705 1929 reginae
721 1867 835 1910 nomen
851 1847 974 1927 dicitur,
991 1849 1074 1927 regni
1092 1848 1235 1912 caelestis

73 1949 292 2013 manifestatur
308 1949 464 2013 excellens
481 1950 654 2014 nobilitatis
670 1950 860 2029 sublimitas,
876 1949 956 2032 quod
973 1956 1004 2011 ct
1019 1951 1164 2013 dominus
1179 1973 1234 2015 vo·

74 2053 230 2115 ostionem
250 2051 419 2129 multorum
439 2054 623 2137 praedicans
644 2074 814 2138 paucorum
836 2053 1049 2116 llelectionem
1064 2057 1236 2118 annunciat

73 2152 248 2219 affuturam
263 2154 300 2217 In
313 2157 426 2238 quihus
439 2157 554 2241 triplex
566 2160 691 2220 virtutis
705 2155 839 2237 dignitas
853 2155 875 2192 ¹⁵
883 2159 1037 2237 enitescit,
1050 2164 1081 2218 et
1093 2160 1123 2219 in
1137 2178 1233 2221 cvan-

74 2255 151 2341 gelio
167 2256 292 2321 dicente
308 2259 434 2323 domino
449 2260 488 2322 ad
504 2260 626 2340 illum0,
650 2258 689 2323 Si
698 2262 744 2322 cie
759 2259 998 2343 receperJ'cctus,
1011 2261 1099 2340 coda
1114 2260 1235 2344 ‚fle-ende

74 2362 178 2425 nmio
193 2381 276 2446 quoe
291 2360 384 2425 bobes
399 2373 428 2425 ct
442 2363 483 2425 clo
493 2363 707 2449 prosperitus,
729 2373 757 2425 ct
770 2365 842 2425 ueni
854 2384 981 2446 aequore
995 2384 1051 2442 rire,
1067 2374 1096 2425 ct
1109 2362 1235 2427 frobebia

136 2563 163 2617 4.
175 2563 247 2634 quod
259 2565 327 2635 capit
339 2565 457 2637 quisquis
470 2572 496 2619 et
507 2566 632 2619 desiderat
645 2568 679 2619 A.
692 2567 760 2637 quod
792 2567 884 2635 uisque
897 2565 1024 2618 desiderat
1036 2568 1135 2634 rclr'qni.
1174 2566 1198 2618 5.
1211 2573 1237 2620 et

74 2650 116 2687 on.
129 2632 164 2686 Α.
217 2632 242 2684 6.
260 2634 284 2686 ei
301 2635 385 2688 om.b.
437 2636 461 2687 7.
477 2637 604 2688 tribuetur
624 2637 653 2687 B.
705 2583 977 2698 &Saloninianos
1030 2636 1053 2687 0.
1066 2642 1092 2686 et
1103 2655 1149 2687 om.
1162 2636 1236 2699 (Ab.

75 2700 111 2753 10.
122 2701 255 2771 prioribus
272 2719 306 2754 ue
319 2703 436 2771 quiante
448 2723 500 2771 epo.
512 2705 641 2774 prioribus
655 2705 699 2773 qui
711 2705 773 2755 libri
784 2721 874 2755 orarias.
912 2703 949 2756 11.
963 2709 987 2755 et
1000 2703 1030 2755 de
1043 2702 1138 2755 christi
1151 2705 1184 2754 e.
1197 2704 1236 2755 iti-

74 2767 165 2823 deme.
177 2769 248 2822 etde
286 2772 391 2824 adet.
441 2773 477 2824 12.
491 2774 664 2841 regimonium
677 2774 711 2823 A.
760 2772 797 2823 13.
810 2777 964 2824 vocarentur
976 2773 1010 2823 A.
1058 2772 1097 2826 14.
1111 2773 1236 2825 electione

72 2838 209 2892 muntiat
221 2836 334 2892 affutura
345 2841 380 2891 A.
435 2841 472 2894 15.
484 2842 588 2893 nitescit
600 2843 622 2894 t.
675 2841 713 2894 10.
726 2847 753 2893 et
763 2840 845 2894 vende
858 2841 893 2905 (A
894 2841 933 2904 )b.

102 3058 130 3127 ς.
148 3045 174 3098 ei
193 3046 325 3115 tribuitur]
362 3046 471 3101 Ilelmst.
498 3048 628 3112 trihrretur,
679 3048 816 3117 evangelii,
828 3053 857 3099 ut
867 3053 935 3098 recte
947 3049 1047 3099 monuit
1058 3047 1193 3101 Fabricius
1205 3049 1236 3101 ad

72 3112 171 3167 vinoso.
207 3114 265 3179 (F.)
679 3117 727 3170 hoc
741 3122 825 3186 caput,
838 3115 1180 3209 q'uodexaliisetiamlocis
1193 3135 1237 3188 ap·

103 3181 129 3235 11.
146 3183 303 3236 inmandato
313 3184 416 3253 quippe,
430 3184 454 3236 le
475 3190 524 3236 set
533 3183 629 3237 Christi
679 3191 752 3255 paret
764 3202 819 3252 cap.
834 3184 889 3236 115.
907 3185 961 3236 110.
974 3185 1014 3236 75.
1030 3185 1084 3237 139.

72 3253 167 3321 petie]
184 3251 331 3305 Familiaris
342 3199 552 3305 11111Ρ1111131111
564 3254 628 3305 divi·
712 3272 747 3306 m.
765 3254 797 3305 ad
809 3254 944 3320 regimina,
956 3254 1023 3305 aliae
1035 3254 1067 3305 ad
1080 3256 1237 3307 coniunctio-

71 3318 117 3385 nis,
132 3321 347 3391 permundatum
363 3322 523 3389 intelligente
539 3324 627 3374 lumen
679 3340 747 3385 nem,
759 3323 825 3373 aliae
838 3322 870 3373 ad
882 3323 1070 3375 incrementum
1078 3323 1237 3392 perfectioris

71 3390 190 3442 memus
207 3393 267 3441 ante
284 3391 369 3458 legem
381 3391 534 3442 Mosaicam.
563 3391 627 3443 Vide
679 3392 784 3458 aetatis]
800 3390 834 3442 Ut
842 3390 1016 3459 respondeant
1028 3393 1133 3458 reginis,
1146 3409 1238 3445 concu-

71 3470 151 3579 nppra
162 3474 219 3528 cap.
229 3458 284 3510 100.
297 3463 322 3510 et
335 3475 390 3528 cap.
404 3458 458 3512 133.
470 3465 496 3511 et
508 3459 628 3512 144146.
680 3461 748 3512 binis
767 3466 792 3511 et
810 3460 952 3539 iuvenculis
974 3460 1043 3528 apud
1063 3460 1237 3513 Salomonem,

74 3524 86 3579 1
123 3526 195 3581 ,150
237 3527 293 3593 (F)
680 3529 733 3581 Hos
751 3536 802 3580 tres
819 3528 916 3596 gradus
936 3529 1005 3580 infra
1020 3536 1096 3581 vocat
1111 3530 1237 3597 perfecto-

103 3594 121 3648 i.
139 3610 201 3648 oum
212 3595 359 3662 edocemur]
378 3595 476 3648 Sensus
485 3598 629 3665 praesentis
680 3615 746 3661 rum,
759 3597 923 3666 sequentium
936 3602 962 3649 et
974 3604 1159 3657 secuturarum,
1174 3598 1237 3649 illis·

71 3662 177 3717 obscuri
191 3663 240 3717 loci
255 3662 296 3715 hic
307 3681 364 3716 esse
372 3664 437 3717 mihi
446 3666 559 3717 videtur:
570 3680 629 3717 cnm
699 3667 949 3733 uetribuitregnum,
961 3666 1141 3734 paradisumet
1149 3666 1238 3718 vitam.

70 3730 211 3785 edocemur
222 3748 289 3801 quae
302 3733 404 3786 diversa
414 3750 523 3785 munera
535 3735 629 3785 collata
679 3683 729 3788 111
750 3738 915 3804 persto-tiores
940 3735 1038 3804 priores
1061 3733 1131 3785 editt.
1152 3738 1237 3802 perse·

69 3799 307 3855 1111111111
319 3802 402 3855 tribus
417 3803 585 3871 temporibus,
598 3819 629 3854 ea
681 3808 780 3858 crr'orn's.
815 3802 872 3867 (F.)

70 3870 161 3923 onnia
175 3869 339 3938 pervidemus
358 3870 456 3923 effundi
472 3871 586 3951 quotidie
602 3872 630 3923 in
715 3891 740 3925 n.
763 3889 844 3924 unum
863 3888 955 3940 eorpus
968 3872 1019 3936 est]
1046 3870 1055 3920 l
1071 3869 1127 3921 Cor.
1140 3869 1184 3923 Vl.
1200 3869 1237 3922 17.

69 3934 169 3989 Christi
179 3939 340 4007 praesentia,
356 3938 405 3991 hoc
422 3946 462 3991 est
479 3945 545 3991 mter
558 3939 629 3992 Chri-
684 3939 729 4007 ,Ὁ
743 3940 899 4008 κολλώμενος
912 3938 988 4008 κυρίῳ
1000 3939 1024 3989 ἓν
1040 3936 1133 4006 πνεῦμά
1150 3935 1238 3988 detra*

69 4006 180 4071 manes,
192 4006 244 4058 alia
252 4007 318 4071 aliis,
326 4024 373 4077 pro
383 4007 509 4060 desiderio
518 4014 545 4060 et
553 4015 630 4078 captu
681 4010 722 4062 Ex
734 4009 861 4062 memoria
877 4016 906 4059 ut
922 4023 978 4075 cap.
992 4006 1032 4058 26.
1050 4006 1136 4058 locum
1153 4007 1237 4060 citans

104 4073 112 4088 ’
164 4091 206 4127 ue.
242 4074 297 4140 (F.)
681 4077 1238 4144 Philastriusunumeorpusprounospiritu

104 4140 132 4197 k
191 4141 286 4196 Christi
297 4145 455 4213 praesentia]
472 4144 573 4197 Priores
591 4146 630 4198 ed.
680 4148 776 4218 posuit.
812 4145 868 4210 (F.)

69 4212 144 4267 rm'llo
160 4228 242 4266 sensu
261 4229 308 4283 pro
325 4216 412 4266 itidem
429 4212 525 4266 bahent
546 4224 570 4265 et
589 4218 628 4269 de.
716 4233 739 4267 o.
757 4215 859 4266 dicente
872 4211 977 4264 domino
990 4211 1021 4262 ad
1040 4211 1125 4279 illum]
1144 4213 1237 4266 Matth.

69 4280 180 4351 (febr.)
680 4282 808 4338 xixti.
833 4278 877 4346 „Et
889 4279 964 4339 θέλεις
977 4278 1067 4339 τέλειος
1080 4274 1145 4349 εἶναι,
1159 4281 1238 4352 ὕπαγε

105 4349 270 4405 [diversam
300 4349 394 4403 Nescio
411 4366 445 4402 an
461 4350 527 4402 forte
542 4352 630 4419 legen·
682 4350 799 4416 πώλησόν
809 4367 854 4400 σου
866 4347 896 4400 τὰ
908 4346 1051 4429 ὑπάρχοντα
1065 4349 1104 4400 καὶ
1118 4350 1160 4411 etr
1170 4369 1237 4401 πτω-

70 4416 183 4473 dumsit
200 4419 243 4485 „iu
280 4417 354 4472 hristi
365 4419 539 4488 praesentiam
556 4424 582 4471 et
599 4420 631 4472 de
681 4423 745 4489 ‘9⁴¹5’
763 4417 875 4477 κα1ἕῐε1ς
893 4416 1013 4507 duscupov
1031 4415 1055 4468 ἐν
1073 4416 1179 4488 οὐρανῷ,
1198 4419 1238 4470 καὶ

70 4486 169 4543 cutim
203 4487 360 4550 raesentia‚''
383 4487 429 4539 sed
444 4488 530 4555 magis
548 4487 632 4541 adhue
682 4439 753 4556 leupo
766 4483 893 4538 &scheller
910 4486 968 4554 por)
1010 4485 1132 4541 Ordinem
1145 4489 1237 4541 verbo·

69 4556 158 4631 placet
186 4556 438 4611 abrioiiemendatio.
455 4554 631 4624 Christiprae·
681 4556 845 4610 rumiferum
861 4572 896 4608 ex
911 4556 1036 4609 memoria
1051 4555 1139 4611 locum
1153 4557 1237 4612 citans

71 4625 159 4683 mila
177 4638 195 4678 a
211 4624 331 4680 Fabricio
350 4624 505 4694 intelligitur
526 4629 631 4694 tempus
681 4623 834 4678 Philsstrius
846 4625 1000 4680 immutarit.
1035 4624 1092 4690 (F.)
