3046 5124
241 362 300 425 166
742 354 893 397 eumaeum

239 519 306 595 nis,
325 515 358 578 id
378 520 426 577 cst
440 513 635 578 chananaeis
654 516 759 598 impiis
774 514 886 577 fuisset
901 514 1021 594 editus,
1040 520 1220 598 contempta
1239 517 1400 600 impietate

238 624 414 703 parentum,
426 638 602 702 cumcapax
613 617 690 698 legis
703 617 826 680 divinae
837 614 1056 699 ⁹caelestisque
1069 623 1162 698 esset,
1175 624 1207 679 et
1218 637 1275 680 suo
1288 617 1401 697 studio,

239 727 274 785 ut
289 721 339 784 doi
353 722 468 801 imago,
484 723 631 803 inquisito
654 720 733 783 ¹⁰dci
752 722 916 802 mysterio,
937 723 1125 803 contemptis
1140 721 1246 804 impiis
1261 723 1400 805 parenti-

239 824 313 904 bus,
333 844 396 887 non
412 822 512 886 solum
534 843 720 906 cognoscere
737 821 894 886 Christum
911 822 1072 886 dominum
1086 829 1159 886 ante
1174 825 1208 885 in
1222 821 1401 902 mandato·,

238 930 366 1010 insuper
389 927 485 988 etiam
505 928 570 989 eius
591 925 724 988 caeleste
745 928 928 1009 mysterium
948 927 1075 988 meruitt
1095 927 1220 988 intuens
1237 931 1270 988 et
1284 925 1401 988 intelli-

239 1051 314 1113 gens
331 1029 497 1092 celebrare.
526 1029 661 1112 Ideoque
677 1035 708 1090 et
723 1029 899 1112 apostolusu
916 1027 1081 1112 baptizatis
1095 1027 1236 1109 dicebat,
1267 1027 1328 1091 Vos
1343 1053 1401 1090 uu-

239 1144 298 1196 tenr
312 1155 374 1194 raca
390 1134 461 1194 estis
477 1134 511 1193 in
527 1154 634 1211 curru,
654 1134 709 1194 aed
727 1133 761 1194 ln
780 1133 905 1216 spiritu.
941 1129 1082 1195 Duorum
1101 1132 1196 1212 igitur
1216 1130 1402 1214 populorum

239 1234 469 1300 Melchisedech
484 1239 515 1296 et
530 1234 674 1297 Abrahae
690 1239 756 1296 erat
777 1240 851 1297 tunc
866 1236 900 1296 in
919 1253 1017 1296 unum
1033 1235 1193 1296 societatis
1208 1236 1401 1310 coniunctim

240 1338 425 1421 llpraeputii
440 1339 574 1420 quippev
590 1343 622 1398 et
641 1339 856 1400 circumsionis
872 1338 1063 1400 conveniens
1078 1337 1172 1416 ratio,
1189 1333 1213 1373 ¹²
1223 1341 1258 1397 ut
1271 1336 1401 1400 Melchi-

240 1439 352 1504 sedech
367 1439 492 1521 quidcm
505 1460 669 1523 personam
684 1440 930 1527 Christianorum
943 1437 1104 1519 ¹³gcreret,
1119 1441 1164 1500 ita
1175 1443 1211 1501 ut
1225 1437 1314 1502 l⁴nos
1331 1439 1401 1502 ¹⁵ri-

239 1545 341 1606 vimus
365 1548 396 1602 ot
419 1541 614 1604 celebramur
635 1544 669 1604 in
692 1542 877 1622 omnibusr,
899 1541 1084 1605 ludaeorum
1105 1546 1210 1603 autem
1226 1539 1289 1604 ¹⁶in
1307 1544 1403 1623 ligura

239 1643 383 1709 Abrahae
400 1647 607 1725 circumcisio,
623 1643 738 1708 Christi
755 1647 869 1729 quippe
884 1643 958 1707 fidei
975 1643 1116 1724 subdita,
1132 1643 1321 1726 caelestique
1337 1647 1403 1708 eius

238 1749 414 1811 inserviens
429 1749 577 1829 mysterio
595 1748 738 1826 salutari,
754 1754 789 1809 ut
802 1746 963 1810 Abraham
980 1747 1089 1810 beatus
1104 1745 1336 1810 Melchisedech
1352 1768 1401 1809 sa·

240 1849 356 1913 cerdoti
373 1860 504 1931 magno·x
521 1855 587 1912 erat
603 1850 763 1929 subditus,
786 1852 835 1913 cui
856 1852 985 1933 iusuper
1000 1851 1094 1911 etiam
1110 1848 1268 1912 decimasy
1284 1849 1323 1912 de
1340 1850 1402 1912 suis

240 1952 440 2018 facultatibus
453 1953 561 2016 ollone
573 1974 636 2017 non
653 1952 820 2034 dubitaret,
836 1959 870 2015 ut
885 1954 950 2033 regi
965 1957 1057 2034 atquo
1073 1951 1227 2015 sacerdoti
1244 1952 1306 2032 dci,
1322 1950 1402 2037 quod

240 2076 323 2120 nunc
338 2056 525 2120 ludaeorum
541 2055 764 2120 ”indocilitasz
785 2054 927 2119 subiecta
941 2055 1031 2118 nobis
1048 2062 1110 2136 est,
1132 2076 1205 2119 cum
1224 2055 1323 2119 velit·
1337 2056 1401 2120 edi-

306 2260 330 2312 9.
344 2261 513 2328 caelestisque
526 2265 594 2311 esset
606 2275 653 2312 suo
666 2279 718 2327 eqo.
731 2259 850 2312 caelestis
863 2264 933 2312 esset
943 2274 992 2311 suo
1005 2259 1039 2311 A.
1052 2257 1221 2327 caelestisque
1238 2264 1310 2311 esset
1321 2266 1348 2312 et
1358 2274 1402 2313 sue

240 2331 337 2397 reliqui.
391 2329 430 2381 to.
443 2327 535 2380 Christi
548 2329 716 2396 mysterion.
742 2332 779 2397 t'f.
792 2333 864 2397 infru
882 2337 965 2381 anrrot.
981 2328 1116 2379 Geleardi.
1171 2327 1208 2378 11.
1245 2328 1401 2397 raeputiiA.

241 2398 279 2466 cs:
296 2402 367 2466 infra
385 2407 469 2450 aaaron
490 2398 624 2448 Guleurdi.
641 2404 779 2466 praecepta
796 2399 894 2466 reliqui.
949 2396 986 2448 12.
1005 2402 1034 2448 ut
1051 2414 1098 2449 rim.
1116 2396 1150 2446 Α.
1205 2344 1243 2448 ll.
1262 2412 1354 2463 gerere
1371 2397 1401 2448 Α.

242 2466 280 2519 14.
292 2484 344 2518 uon
358 2467 379 2516 la
433 2465 471 2517 15.
484 2466 594 2516 vivimus
611 2472 637 2517 et
648 2466 809 2517 celebramur
821 2485 873 2533 eqo.
885 2465 1005 2517 norimus
1022 2469 1048 2515 et
1060 2463 1219 2516 celebramus
1232 2464 1267 2518 Α,
1286 2466 1402 2517 vivamus

240 2542 265 2586 et
277 2535 435 2586 celebremur
447 2551 467 2584 c.
482 2535 600 2585 vivamus
613 2539 639 2584 et
650 2534 810 2585 celebremus
820 2535 918 2603 reliqui.
955 2533 994 2583 lli.
1007 2533 1033 2584 in
1046 2533 1131 2601 figura
1139 2533 1174 2584 A.
1184 2531 1299 2601 figuram
1307 2536 1402 2603 reliqui.

242 2602 438 2655 rumusculus
451 2601 511 2654 AB.
524 2602 641 2654 docilitas
653 2604 751 2670 reliqui.

847 2778 907 2824 suta
927 2771 1008 2825 codici
1026 2771 1202 2825 Bibliothecae
1223 2772 1250 2824 S.
1268 2772 1360 2826 Grauis
1378 2775 1413 2826 iu·

846 2841 986 2895 Ierusalem
994 2842 1092 2894 Romae
1103 2841 1206 2910 signato
1216 2858 1241 2893 n.
1252 2841 1321 2907 279,
1333 2843 1404 2896 cuius

847 2911 966 2969 notitiam
981 2911 1075 2962 litteris
1093 2910 1126 2961 ad
1144 2910 1265 2962 Emmum
1283 2910 1404 2964 Cardine·

846 2980 898 3031 lem
908 2979 1043 3040 Quirinum
1052 2979 1118 3030 datis
1128 2979 1177 3031 sub
1186 2978 1227 3030 die
1237 2978 1278 3031 21.
1288 2978 1405 3050 Septem·

846 3047 900 3099 bris
920 3047 992 3099 1737.
1009 3046 1156 3100 humaniter
1177 3047 1315 3101 nobiscnm
1338 3064 1404 3102 corn·

240 2772 308 2842 ὑμῶν
320 2770 346 2832 ὃς
357 2771 400 2823 cia
408 2770 571 2824 ἀποτάσσεται
580 2774 639 2824 πᾶσι
648 2776 698 2832 τοῖς
708 2771 795 2824 ἑαυτοῦ

240 2839 402 2910 ὑπάρχουσιν,
421 2840 449 2891 οὐ
463 2842 563 2892 δύναταί
582 2861 628 2911 μου
647 2835 705 2891 εἶναι
718 2841 796 2910 μαθη-

240 2911 305 2975 τής.’“
341 2910 392 2961 Sed
411 2912 475 2962 bcue
489 2912 589 2962 notavit
605 2911 796 2980 praestantissi-

239 2995 297 3032 mus
314 2979 353 3029 uir
372 2978 496 3030 lohannes
515 2980 612 3031 Millius
629 2980 656 3031 in
677 2980 795 3048 prolego-

239 3048 323 3097 menis
342 3047 374 3097 ad
391 3048 682 3113 nunnamenster.
712 3047 795 3099 Phila·

240 3116 329 3166 strium
350 3133 401 3167 non
420 3132 503 3184 pauca
523 3117 664 3185 scripturae
687 3116 744 3167 loca
764 3116 797 3168 ad

240 3201 345 3235 sensum
360 3190 429 3235 etex
443 3185 568 3235 rrrernoria
580 3186 681 3237 citasse.
716 3184 772 3251 (F.)

274 3271 295 3304 s.
313 3252 339 3303 in
352 3253 487 3317 mandato]
514 3252 541 3303 lu
555 3260 624 3304 statu
634 3253 738 3304 luminis
751 3270 796 3305 na·

239 3322 338 3374 turalis
375 3321 432 3384 (F.)

278 3396 296 3443 t.
314 3390 419 3456 narrarit]
448 3388 563 3455 Contigit
578 3387 627 3440 hoo
645 3389 653 3440 i
673 3390 703 3440 si.
732 3388 798 3444 vide

239 3475 319 3527 supera
330 3475 354 3527 p.
368 3458 425 3509 279.
444 3460 510 3576 [cap.
528 3456 593 3523 133]
631 3406 686 3521 (dl.)

275 3546 298 3579 u.
318 3527 463 3595 apostolus]
504 3543 554 3576 aim.
569 3525 633 3577 Vbi.
646 3526 670 3577 9.
699 3523 797 3594 „Missis

240 3595 266 3647 δὲ
285 3595 329 3645 οὐκ
347 3593 400 3646 ἐστὲ
413 3592 436 3644 ἐν
454 3593 533 3663 capul,
550 3589 606 3644 ἀλλ’
620 3591 643 3644 ἒν
656 3594 797 3664 πνεύματι.”

239 3665 346 3727 (Frtbr.)

273 3750 296 3784 v.
315 3731 443 3801 praeputii
461 3731 566 3802 quippe]
596 3731 646 3783 Pro
669 3731 725 3796 ,dei
742 3748 799 3800 my·

240 3803 337 3853 sterio*
355 3802 384 3853 in
402 3801 552 3853 Corbeieusi
570 3801 664 3869 legitur
684 3798 800 3857 „Christi

240 3870 395 3937 mysterio?
424 3869 492 3939 quod
515 3869 622 3932 melius;
646 3868 707 3920 dicit
730 3869 800 3921 enim

240 3940 317 4008 paulo
331 3944 389 4006 post
404 3939 524 4007 „insuper
534 3938 613 3990 etiam
625 3937 680 3988 eius
690 3937 800 3989 caeleste

240 4007 416 4074 mysterium.''
441 4007 476 4059 At
488 4008 565 4076 paulo
577 4006 685 4058 inferius
697 4006 801 4075 insigne

240 4076 355 4143 prolecto
385 4073 487 4145 σφάλμα
515 4074 639 4127 exhibent
667 4074 800 4139 editiones,

241 4143 286 4194 ubi
306 4151 456 4214 ,praccepta
472 4145 567 4214 quippe
586 4150 611 4194 et
628 4143 800 4195 circumcisio-

241 4211 282 4263 nis
295 4214 449 4264 conveniens
467 4213 559 4276 ratio,”
577 4211 739 4265 Corbeicnsis
755 4228 799 4265 au·

242 4285 295 4330 tem
304 4285 371 4329 recte
384 4282 524 4350 „praeputii
532 4281 626 4400 quippe
638 4286 663 4332 et
669 4279 800 4332 circumci-

244 4347 325 4400 sionis
343 4363 416 4398 cona
437 4350 528 4401 ratio.''
554 4349 646 4402 Malus
668 4350 737 4401 errim
757 4346 800 4401 hic

244 4418 315 4469 locus
320 4419 476 4535 praeceptis,
494 4418 539 4469 ubi
555 4418 585 4469 do
602 4418 720 4486 gentium
737 4422 799 4486 type

245 4492 270 4536 et
290 4485 319 4536 lu
338 4499 443 4534 aeorum
468 4485 590 4556 disputat.
630 4486 703 4538 liano
722 4503 800 4556 porro

245 4560 380 4622 utramque
391 4551 529 4607 lectionem
546 4554 710 4607 commendat
721 4555 800 4608 etim

244 4621 394 4675 membrana
403 4628 596 4690 nongentorum
607 4639 747 4687 annorum,
760 4638 800 4676 as·

847 3115 990 3168 manicavit
1006 3115 1050 3168 Vir
1073 3116 1263 3168 eruditissimus
1281 3117 1404 3187 losephua

846 3182 1014 3247 Blanchinus,
1032 3184 1184 3254 iampridem
1195 3185 1355 3238 Veronensis
1367 3201 1405 3239 ec·

847 3254 939 3304 clasiae
954 3254 1100 3315 canonicus,
1110 3270 1179 3305 nunc
1188 3252 1405 3324 veroGongregs·

846 3322 925 3373 tionis
943 3320 1053 3374 Oratorii
1069 3321 1167 3375 Romae
1183 3322 1334 3402 presbyter,
1350 3324 1406 3375 reli·

848 3391 926 3457 gione
949 3406 1030 3458 aeque
1054 3406 1084 3443 ac
1111 3388 1229 3442 doctrina
1251 3393 1405 3460 praeclarae

849 3457 992 3528 (Galeard.)

882 3560 912 3594 w.
931 3543 967 3595 ita
979 3548 1008 3595 nt
1020 3559 1066 3597 nes
1078 3543 1190 3596 numus
1203 3549 1230 3595 et
1246 3543 1407 3599 celebramur

849 3612 877 3664 in
889 3612 1021 3678 omnibus]
1048 3612 1117 3664 Malo
1131 3611 1216 3677 Lugd.
1233 3622 1262 3663 ut
1277 3632 1324 3665 aori
1338 3618 1406 3666 eirc-

850 3699 909 3730 rnua.
928 3680 960 3732 Et
972 3680 1037 3732 aliae
1049 3680 1120 3733 editt.
1134 3682 1292 3735 celebremus.
1328 3682 1386 3748 (F.)

884 3784 910 3819 x.
939 3764 1129 3821 Melchisedech
1149 3766 1278 3820 sacerdoti
1298 3784 1325 3821 m
1380 3770 1407 3835 o]

852 3834 917 3888 Gen.
928 3835 998 3888 Xll'.
1014 3835 1052 3888 la.
1070 3834 1111 3888 Ps.
1123 3835 1178 3889 CX.
1190 3836 1215 3891 4.
1226 3836 1305 3889 Ilebr.
1317 3836 1340 3891 v
1366 3875 1373 3888 .
1387 3837 1408 3889 l.

852 3903 892 3955 2.
941 3903 971 3954 F.

872 3904 882 3954 l
905 4029 910 4040 .
928 3908 1168 4070 lleclmasLGenes.
1180 3987 1251 4042 xlv,
1264 3987 1306 4068 bt).
1330 3988 1408 4043 Heln.

851 4005 905 4109 vll.
918 4057 942 4109 9.
961 4057 999 4108 lle
1012 4074 1091 4126 regns
1100 4058 1205 4109 decimis
1215 4056 1273 4108 ude
1283 4063 1409 4128 interpre-

851 4133 890 4177 tes
903 4125 1046 4179 adlsam.
1063 4126 1129 4178 l'lll.
1144 4124 1182 4177 15.
1197 4125 1235 4176 ll.
1248 4125 1318 4178 etl).
1330 4125 1409 4197 Carp-

851 4193 1011 4257 rememsis
1038 4191 1409 4258 aesetmaadSrhickardilus

851 4263 964 4343 lienium
976 4281 1000 4332 1.
1014 4262 1074 4345 '392
1087 4244 1250 4368 lisqdecimis
1262 4263 1409 4316 sacerdota·

850 4329 1410 4480 lurerersarnum

851 4486 890 4596 1(ιὲ
891 4418 1086 4602 Bibl⁰g¹³ph¹³
1095 4468 1250 4538 Antiquam
1260 4484 1283 4521 c.
1298 4468 1338 4523 lli.
1352 4471 1377 4536 ᾗ.
1385 4468 1409 4522 2.

889 4555 943 4588 (ΗΓ.

884 4637 906 4674 a.
922 4621 1081 4692 indocilitas]
1095 4621 1152 4678 nos
1162 4625 1204 4677 est
1213 4621 1323 4678 ruditu.
1339 4620 1410 4679 lain
