3046 5124
511 1093 967 1212 PRAEFATIO.

242 1474 428 1555 Epiphuuii,
457 1475 599 1555 episcopi
624 1473 894 1555 ConstantiensiS,
924 1475 1053 1541 Pauorii
1077 1476 1145 1540 sive
1167 1475 1318 1543 Panasio-

156 1603 226 1648 rum
245 1585 393 1665 (utroque
414 1584 497 1648 enim
519 1602 650 1648 numero
667 1585 806 1666 positum
830 1585 864 1649 in
887 1585 1047 1650 codicibus
1065 1604 1162 1650 manu
1179 1587 1318 1652 exuretis

52 1720 56 1725 ·
118 1694 246 1872 &ab
262 1693 333 1759 eliis
353 1695 766 1776 scriptoribususurpotum
781 1696 815 1759 id
833 1714 948 1760 nomen
964 1696 1137 1778 reperitur;
1164 1697 1237 1761 vide
1258 1697 1319 1762 Fc-

174 1871 177 1876 ,
205 1804 246 1869 eii
259 1803 408 1868 Biblioth.
426 1805 479 1869 Gr.
503 1805 564 1869 vol.
580 1805 680 1885 vni,
702 1824 774 1887 pag.
791 1806 862 1870 264.
873 1824 955 1887 squ,
977 1807 1028 1871 Du
1045 1807 1158 1888 cangii
1175 1808 1317 1874 Glossur.

155 1914 198 1980 ud
220 1914 348 1995 Scriptt.
366 1915 493 1978 Mediae
517 1921 550 1979 et
573 1914 631 1978 Inf.
650 1915 761 1980 Graec.
782 1934 855 1996 pag.
875 1916 965 1979 1090.
986 1935 1011 1981 s
1026 1937 1054 1980 v.
1087 1914 1241 1998 Πανάριαν
1263 1937 1319 2001 ep·

153 2021 293 2105 pellatur
311 2025 350 2088 ab
365 2025 437 2105 ipso
452 2025 632 2105 Epiphanio
648 2026 680 2089 in
696 2026 798 2106 Epist.
815 2026 858 2089 ed
866 2025 1017 2090 Acacium
1034 2032 1067 2091 et
1081 2028 1230 2108 Paulum;
1250 2029 1318 2093 cod

154 2152 211 2198 ms.
228 2135 352 2200 Veneto
368 2139 537 2216 utrumque
551 2135 737 2216 inscriptum
752 2136 877 2216 legitur,
893 2135 995 2214 primo
1017 2130 1059 2195 Τά
1071 2133 1220 2218 Πανάρα,
1235 2138 1318 2218 dein,

155 2263 229 2326 pag.
246 2246 272 2308 1.
291 2245 340 2308 ed.
358 2244 481 2325 Petav.‚
502 2239 680 2320 Ἐπιφανίον
702 2240 866 2306 ἐπισκόπου
888 2238 963 2303 κατὰ
986 2243 1125 2322 αἱρέσεων
1147 2241 1180 2305 ro'
1202 2245 1319 2324 ἒττιιιλη-

154 2351 211 2414 θὲν
235 2349 407 2432 Πονάριον,
439 2349 488 2414 εἴτ’
511 2344 566 2415 οὖν
589 2351 756 2432 Koddinou,
789 2353 863 2417 edit.
888 2351 987 2433 princ.
1011 2359 1044 2417 et
1067 2354 1135 2418 cod.
1162 2354 1319 2419 Vratisla·

154 2462 257 2526 viensi
281 2462 357 2527 item
381 2462 483 2543 primo
511 2464 632 2540 Βιβλίον
653 2467 772 2543 πρῶτον
792 2468 852 2523 τῶν
877 2463 1038 2544 Πανορίοιν
1059 2467 1113 2524 τοῦ
1136 2457 1224 2546 ἆγίου
1238 2457 1318 2526 Ἐπι-

154 2573 284 2646 posteo,
308 2571 395 2652 dein,
418 2590 491 2653 pag.
505 2574 531 2636 1.
553 2574 627 2637 edit.
646 2574 770 2653 Peter„
793 2573 882 2645 editt
899 2572 997 2653 prino.
1022 2577 1056 2638 et
1071 2574 1179 2639 Petav.
1213 2570 1318 2634 Πανά-

154 2707 219 2764 ριον
239 2676 288 2744 εἴτ’
306 2671 361 2742 οὖν
379 2678 544 2760 Κιβώτιον,
567 2702 625 2764 pro
645 2702 706 2764 quo
726 2683 774 2748 ed.
791 2683 900 2748 Petav.
916 2683 1066 2748 Coloniae
1087 2690 1188 2767 repet.
1203 2685 1318 2750 vitiose

36 2864 40 2872 Ι
156 2788 311 2872 Πονᾶριος
337 2787 386 2852 si'u'
412 2782 467 2853 οὖν
495 2789 660 2871 diuiduos,
693 2793 761 2857 cod.
784 2793 922 2875 denique
945 2794 1190 2859 Vratislaviensi
1214 2787 1319 2856 Πανά-

154 2926 234 2984 ρειον
250 2898 297 2964 sid
316 2891 372 2962 οὖν
393 2897 551 2979 Κιβώτιον)
572 2939 611 2949 -
633 2903 705 2967 libri
726 2903 862 2984 primum
879 2909 955 2967 sunt
972 2903 1050 2968 editi
1070 2924 1135 2969 una
1153 2923 1223 2969 cum
1244 2904 1318 2970 reli·

153 3013 225 3094 quis
241 3030 323 3093 quae
339 3010 485 3076 feruntur
502 3012 675 3094 Epiphanii
692 3012 819 3093 scriptis
843 3013 874 3074 ἐν
893 3015 1046 3097 Βασιλείᾳ,
1078 3009 1247 3092 ἀναλώματι
1267 3013 1318 3076 uui
1484 3024 1487 3028 ⁴

154 3123 301 3206 ἐπιμελείᾳ
316 3117 455 3183 Ἰωάννου
471 3126 524 3182 τοῦ
537 3116 727 3202 Ἑρονογίου,
751 3122 806 3184 ἔτει
827 3117 887 3183 duo*
913 3127 966 3201 τῆς
987 3119 1133 3206 ἒνσοὶρκον
1148 3123 1320 3203 οἰκονομίας

158 3238 288 3313 Χριστοῦ
304 3236 436 3316 χιλιοστῷ
458 3236 695 3316 πεντακοσιοστῷ
709 3236 931 3315 τεσσαρακοστῷ
946 3227 1092 3319 τετάρτῳ,
1115 3239 1320 3314 μουνυχιῶνος

154 3337 406 3426 ἑπτακαιδεκάτῃ,
439 3342 705 3422 quemadmodum
730 3341 922 3423 subscriptio
949 3348 1097 3408 testetur.
1139 3345 1189 3409 De
1211 3345 1320 3411 codice

154 3455 273 3536 scripto
296 3471 358 3533 quo
382 3452 486 3516 editor
512 3471 591 3516 usus
611 3457 662 3516 est
685 3453 782 3517 Ianus
802 3452 972 3517 Commius
998 3454 1141 3520 medicus
1160 3455 1319 3537 Operibus

154 3562 326 3646 Epiphanii
346 3581 365 3626 ο
384 3581 420 3626 se
439 3561 554 3626 Latine
571 3562 732 3627 conversis
750 3566 783 3626 et
800 3581 883 3628 anuo
903 3563 1084 3644 insequenti
1108 3565 1203 3630 editis
1227 3581 1319 3646 prce

154 3672 239 3738 fctus
264 3679 315 3738 est
337 3673 396 3737 ite:
433 3672 524 3750 „Hic
547 3672 641 3754 (Phil.
657 3673 875 3756 Melanchton)
899 3693 980 3756 opus
1001 3674 1061 3738 Ιιοο
1082 3677 1132 3738 ita
1151 3672 1318 3756 probavit,

155 3789 189 3845 ut
216 3783 250 3845 id
271 3785 413 3865 primum
442 3786 475 3844 iu
500 3783 716 3846 studiosorum
740 3785 884 3867 proeium
912 3806 934 3848 a
961 3786 1144 3848 clarissimo
1171 3784 1245 3845 uiro
1272 3781 1317 3845 D.

160 3892 280 3955 iouuue
300 3891 428 3976 Loupio
452 3891 664 3976 Erfurdieusi
685 3895 891 3976 impetrarit,
922 3894 1039 3958 dmude
1060 3893 1105 3955 ad
1127 3891 1319 3956 industrium

155 4005 259 4066 οἰννιιι
283 3999 436 4064 louuoem
458 4001 640 4085 Oporiuum
662 4012 802 4090 retroque
823 4007 935 4090 liupuo
950 4002 1176 4086 professorem
1192 4003 1319 4079 clarum

155 4113 295 4188 miserit,
328 4130 389 4193 pue
419 4113 508 4176 illius
533 4120 564 4176 ot
587 4114 724 4178 Roberu'
750 4113 926 4179 Chimeriui
947 4113 1100 4176 industrii
1122 4114 1320 4198 typopropdi

155 4242 261 4307 opero
285 4221 413 4286 Graece
434 4222 595 4287 ederetur.
640 4226 687 4289 At
706 4227 739 4290 lu'
761 4226 854 4290 ambo
876 4232 911 4289 ut
932 4224 1045 4288 melius
1066 4223 1107 4288 de
1121 4221 1245 4288 Latina
1260 4225 1319 4287 liu·

152 4355 220 4418 pua
242 4339 273 4396 et
295 4331 336 4394 de
357 4331 509 4398 studiosis
525 4333 658 4399 Graeca
672 4355 738 4399 τιον
753 4333 992 4420 assequentibus
1007 4342 1222 4413 numerentur,
1241 4352 1320 4417 per·

155 4451 327 4507 sumerent
357 4442 451 4517 misi,
482 4450 516 4506 ut
541 4452 620 4526 post
649 4444 769 4510 Basilii
798 4448 1039 4511 οοιιοονοίονοοι
1067 4467 1089 4511 ο
1117 4467 1167 4510 roe
1191 4444 1319 4530 suetam

155 4556 251 4622 etiem
273 4554 334 4619 doc
359 4552 538 4639 Epiphanio·
559 4574 641 4640 opus
663 4574 814 4641 opressus
834 4557 893 4620 sim
898 4605 909 4638 ,
932 4564 964 4622 et
984 4559 1074 4622 iutro
1096 4576 1214 4624 ιιοιιιιιιι
1234 4575 1320 4624 mou·

615 4767 650 4828 o,
670 4769 685 4831 ι
705 4768 720 4829 ο
734 4766 878 4832 suos·

611 4830 716 4871 UA*
732 4807 880 4871 'mmo
