<?xml version="1.0" encoding="UTF-8"?>
<!DOCTYPE html PUBLIC "-//W3C//DTD XHTML 1.0 Transitional//EN"
    "http://www.w3.org/TR/xhtml1/DTD/xhtml1-transitional.dtd">
<html xmlns="http://www.w3.org/1999/xhtml" xml:lang="en" lang="en">
 <head>
  <title>
</title>
<meta http-equiv="Content-Type" content="text/html;charset=utf-8" />
  <meta name='ocr-system' content='tesseract 3.04.00' />
  <meta name='ocr-capabilities' content='ocr_page ocr_carea ocr_par ocr_line ocrx_word'/>
</head>
<body>
  <div class='ocr_page' id='page_1' title='image "./corporishaerese02unkngoog_0216.png"; bbox 0 0 3046 5124; ppageno 0'>
   <div class='ocr_carea' id='block_1_1' title="bbox 462 376 1305 444">
    <p class='ocr_par' dir='ltr' id='par_1_1' title="bbox 462 376 1305 444">
     <span class='ocr_line' id='line_1_1' title="bbox 462 376 1305 444; baseline 0 -26"><span class='ocrx_word' id='word_1_1' title='bbox 462 376 616 418; x_wconf 73' lang='lat' dir='ltr'><strong>Auousmn</strong></span> <span class='ocrx_word' id='word_1_2' title='bbox 630 378 669 419; x_wconf 73' lang='lat' dir='ltr'><strong>DE</strong></span> <span class='ocrx_word' id='word_1_3' title='bbox 682 377 860 421; x_wconf 68' lang='lat' dir='ltr'><strong>manemus</strong></span> <span class='ocrx_word' id='word_1_4' title='bbox 873 376 966 419; x_wconf 65' lang='lat' dir='ltr'><strong>nmen</strong></span> <span class='ocrx_word' id='word_1_5' title='bbox 1245 381 1305 444; x_wconf 69' lang='lat'><strong>19⁶1</strong></span> 
     </span>
    </p>
   </div>
   <div class='ocr_carea' id='block_1_2' title="bbox 93 531 1504 4601">
    <p class='ocr_par' dir='ltr' id='par_1_2' title="bbox 137 531 1306 926">
     <span class='ocr_line' id='line_1_2' title="bbox 149 531 1306 621; baseline -0.003 -20"><span class='ocrx_word' id='word_1_6' title='bbox 149 535 296 601; x_wconf 81' lang='lat' dir='ltr'><strong>Graecam</strong></span> <span class='ocrx_word' id='word_1_7' title='bbox 310 537 565 621; x_wconf 88' lang='lat' dir='ltr'><strong>supputationem</strong></span> <span class='ocrx_word' id='word_1_8' title='bbox 581 533 715 598; x_wconf 87' lang='lat' dir='ltr'><strong>eundem</strong></span> <span class='ocrx_word' id='word_1_9' title='bbox 729 554 894 599; x_wconf 84' lang='lat' dir='ltr'><strong>numerum</strong></span> <span class='ocrx_word' id='word_1_10' title='bbox 915 531 1082 619; x_wconf 90' lang='lat' dir='ltr'><strong>complent.</strong></span> <span class='ocrx_word' id='word_1_11' title='bbox 1120 534 1201 598; x_wconf 88' lang='lat' dir='ltr'><strong>Sunt</strong></span> <span class='ocrx_word' id='word_1_12' title='bbox 1221 537 1306 598; x_wconf 89' lang='lat' dir='ltr'><strong>enim</strong></span> 
     </span>
     <span class='ocr_line' id='line_1_3' title="bbox 145 637 1306 725; baseline -0.003 -22"><span class='ocrx_word' id='word_1_13' title='bbox 145 644 281 725; x_wconf 80' lang='lat' dir='ltr'><strong>septem,</strong></span> <span class='ocrx_word' id='word_1_14' title='bbox 305 649 325 701; x_wconf 83' lang='grc' dir='ltr'><strong>Α</strong></span> <span class='ocrx_word' id='word_1_15' title='bbox 346 644 410 702; x_wconf 81' lang='lat' dir='ltr'><strong>ctu</strong></span> <span class='ocrx_word' id='word_1_16' title='bbox 436 642 775 702; x_wconf 67' lang='lat' dir='ltr'><strong>cinctacincta</strong></span> <span class='ocrx_word' id='word_1_17' title='bbox 799 637 923 701; x_wconf 74' lang='lat' dir='ltr'><strong>etEid</strong></span> <span class='ocrx_word' id='word_1_18' title='bbox 947 643 1115 701; x_wconf 89' lang='lat' dir='ltr'><strong>cstunum</strong></span> <span class='ocrx_word' id='word_1_19' title='bbox 1138 637 1306 701; x_wconf 90' lang='lat' dir='ltr'><strong>etdnoct</strong></span> 
     </span>
     <span class='ocr_line' id='line_1_4' title="bbox 141 740 1305 823; baseline -0.003 -15"><span class='ocrx_word' id='word_1_20' title='bbox 141 747 272 807; x_wconf 84' lang='lat' dir='ltr'><strong>eentum</strong></span> <span class='ocrx_word' id='word_1_21' title='bbox 293 748 326 807; x_wconf 90' lang='lat' dir='ltr'><strong>et</strong></span> <span class='ocrx_word' id='word_1_22' title='bbox 345 762 444 805; x_wconf 88' lang='lat' dir='ltr'><strong>unum</strong></span> <span class='ocrx_word' id='word_1_23' title='bbox 464 747 496 805; x_wconf 89' lang='lat' dir='ltr'><strong>et</strong></span> <span class='ocrx_word' id='word_1_24' title='bbox 511 743 672 823; x_wconf 71' lang='lat' dir='ltr'><strong>sexaginta</strong></span> <span class='ocrx_word' id='word_1_25' title='bbox 693 744 724 803; x_wconf 90' lang='lat' dir='ltr'><strong>ct</strong></span> <span class='ocrx_word' id='word_1_26' title='bbox 738 761 835 803; x_wconf 93' lang='lat' dir='ltr'><strong>unum</strong></span> <span class='ocrx_word' id='word_1_27' title='bbox 856 746 888 803; x_wconf 91' lang='lat' dir='ltr'><strong>et</strong></span> <span class='ocrx_word' id='word_1_28' title='bbox 902 740 1051 822; x_wconf 76' lang='lat' dir='ltr'>ducenta,</span> <span class='ocrx_word' id='word_1_29' title='bbox 1074 759 1153 823; x_wconf 88' lang='lat' dir='ltr'><strong>quae</strong></span> <span class='ocrx_word' id='word_1_30' title='bbox 1173 740 1252 803; x_wconf 84' lang='lat' dir='ltr'><strong>liunt</strong></span> <span class='ocrx_word' id='word_1_31' title='bbox 1271 743 1305 804; x_wconf 91' lang='lat' dir='ltr'><strong>iu</strong></span> 
     </span>
     <span class='ocr_line' id='line_1_5' title="bbox 137 843 778 926; baseline -0.008 -15"><span class='ocrx_word' id='word_1_32' title='bbox 137 864 267 911; x_wconf 80' lang='lat' dir='ltr'><strong>summa</strong></span> <span class='ocrx_word' id='word_1_33' title='bbox 281 843 441 910; x_wconf 73' lang='lat' dir='ltr'><strong>&#39;trecenta</strong></span> <span class='ocrx_word' id='word_1_34' title='bbox 455 846 617 926; x_wconf 80' lang='lat' dir='ltr'><strong>sexaginta</strong></span> <span class='ocrx_word' id='word_1_35' title='bbox 632 845 778 926; x_wconf 89' lang='lat' dir='ltr'><strong>quinque.</strong></span> 
     </span>
    </p>

    <p class='ocr_par' dir='ltr' id='par_1_3' title="bbox 122 944 1414 2163">
     <span class='ocr_line' id='line_1_6' title="bbox 199 944 1414 1031; baseline -0.001 -18"><span class='ocrx_word' id='word_1_36' title='bbox 199 946 381 1014; x_wconf 78' lang='lat' dir='ltr'><strong>Nicolaitae</strong></span> <span class='ocrx_word' id='word_1_37' title='bbox 395 946 552 1011; x_wconf 91' lang='lat' dir='ltr'><strong>aNicolao</strong></span> <span class='ocrx_word' id='word_1_38' title='bbox 568 947 719 1010; x_wconf 88' lang='lat' dir='ltr'><strong>nominati</strong></span> <span class='ocrx_word' id='word_1_39' title='bbox 733 952 822 1027; x_wconf 89' lang='lat' dir='ltr'><strong>sunt,</strong></span> <span class='ocrx_word' id='word_1_40' title='bbox 837 966 916 1027; x_wconf 90' lang='lat' dir='ltr'><strong>uno,</strong></span> <span class='ocrx_word' id='word_1_41' title='bbox 931 952 967 1009; x_wconf 92' lang='lat' dir='ltr'><strong>ut</strong></span> <span class='ocrx_word' id='word_1_42' title='bbox 976 944 1175 1031; x_wconf 75' lang='lat' dir='ltr'><strong>perhibetur,</strong></span> <span class='ocrx_word' id='word_1_43' title='bbox 1191 944 1305 1009; x_wconf 78' lang='lat' dir='ltr'><strong>axillis</strong></span> <span class='ocrx_word' id='word_1_44' title='bbox 1324 960 1375 1012; x_wconf 65' lang='grc' dir='ltr'><strong>θαι·</strong></span> <span class='ocrx_word' id='word_1_45' title='bbox 1390 962 1414 1001; x_wconf 84' lang='lat' dir='ltr'><strong>v·</strong></span> 
     </span>
     <span class='ocr_line' id='line_1_7' title="bbox 130 1047 1305 1138; baseline -0.005 -21"><span class='ocrx_word' id='word_1_46' title='bbox 130 1058 265 1138; x_wconf 86' lang='lat' dir='ltr'><strong>septem</strong></span> <span class='ocrx_word' id='word_1_47' title='bbox 287 1071 364 1135; x_wconf 87' lang='lat' dir='ltr'><strong>qnos</strong></span> <span class='ocrx_word' id='word_1_48' title='bbox 387 1049 519 1135; x_wconf 89' lang='lat' dir='ltr'><strong>apostoli</strong></span> <span class='ocrx_word' id='word_1_49' title='bbox 543 1048 691 1112; x_wconf 91' lang='lat' dir='ltr'><strong>diaconos</strong></span> <span class='ocrx_word' id='word_1_50' title='bbox 714 1047 960 1113; x_wconf 84' lang='lat' dir='ltr'><strong>¹ordinavorant.</strong></span> <span class='ocrx_word' id='word_1_51' title='bbox 998 1049 1060 1112; x_wconf 91' lang='lat' dir='ltr'><strong>lstc</strong></span> <span class='ocrx_word' id='word_1_52' title='bbox 1084 1069 1155 1113; x_wconf 91' lang='lat' dir='ltr'><strong>cum</strong></span> <span class='ocrx_word' id='word_1_53' title='bbox 1178 1047 1216 1111; x_wconf 90' lang='lat' dir='ltr'><strong>de</strong></span> <span class='ocrx_word' id='word_1_54' title='bbox 1239 1047 1305 1111; x_wconf 83' lang='lat' dir='ltr'><strong>zelo</strong></span> 
     </span>
     <span class='ocr_line' id='line_1_8' title="bbox 126 1150 1303 1240; baseline -0.006 -21"><span class='ocrx_word' id='word_1_55' title='bbox 126 1154 370 1240; x_wconf 88' lang='lat' dir='ltr'><strong>pulcherrimae</strong></span> <span class='ocrx_word' id='word_1_56' title='bbox 387 1154 526 1235; x_wconf 90' lang='lat' dir='ltr'><strong>coniugis</strong></span> <span class='ocrx_word' id='word_1_57' title='bbox 543 1151 734 1237; x_wconf 78' lang='lat' dir='ltr'><strong>culparetur,</strong></span> <span class='ocrx_word' id='word_1_58' title='bbox 756 1151 841 1214; x_wconf 86' lang='lat' dir='ltr'><strong>velut</strong></span> <span class='ocrx_word' id='word_1_59' title='bbox 861 1150 1015 1235; x_wconf 87' lang='lat' dir='ltr'><strong>purgandi</strong></span> <span class='ocrx_word' id='word_1_60' title='bbox 1030 1173 1063 1213; x_wconf 88' lang='lat' dir='ltr'><strong>so</strong></span> <span class='ocrx_word' id='word_1_61' title='bbox 1079 1172 1174 1215; x_wconf 89' lang='lat' dir='ltr'><strong>causa</strong></span> <span class='ocrx_word' id='word_1_62' title='bbox 1187 1152 1303 1236; x_wconf 88' lang='lat' dir='ltr'><strong>permi-</strong></span> 
     </span>
     <span class='ocr_line' id='line_1_9' title="bbox 125 1254 1305 1339; baseline -0.002 -18"><span class='ocrx_word' id='word_1_63' title='bbox 125 1260 220 1323; x_wconf 80' lang='lat' dir='ltr'><strong>sisse</strong></span> <span class='ocrx_word' id='word_1_64' title='bbox 235 1257 336 1320; x_wconf 82' lang='lat' dir='ltr'><strong>fertur</strong></span> <span class='ocrx_word' id='word_1_65' title='bbox 350 1262 385 1319; x_wconf 92' lang='lat' dir='ltr'><strong>nt</strong></span> <span class='ocrx_word' id='word_1_66' title='bbox 399 1276 436 1318; x_wconf 88' lang='lat' dir='ltr'><strong>ea</strong></span> <span class='ocrx_word' id='word_1_67' title='bbox 451 1258 504 1339; x_wconf 92' lang='lat' dir='ltr'><strong>qni</strong></span> <span class='ocrx_word' id='word_1_68' title='bbox 519 1254 613 1319; x_wconf 83' lang='lat' dir='ltr'><strong>vellet</strong></span> <span class='ocrx_word' id='word_1_69' title='bbox 627 1258 775 1318; x_wconf 88' lang='lat' dir='ltr'><strong>uteretur.</strong></span> <span class='ocrx_word' id='word_1_70' title='bbox 813 1254 901 1331; x_wconf 84' lang='lat' dir='ltr'><strong>Quod</strong></span> <span class='ocrx_word' id='word_1_71' title='bbox 917 1257 983 1318; x_wconf 88' lang='lat' dir='ltr'><strong>eius</strong></span> <span class='ocrx_word' id='word_1_72' title='bbox 999 1254 1117 1317; x_wconf 91' lang='lat' dir='ltr'><strong>factum</strong></span> <span class='ocrx_word' id='word_1_73' title='bbox 1138 1257 1170 1317; x_wconf 91' lang='lat' dir='ltr'><strong>in</strong></span> <span class='ocrx_word' id='word_1_74' title='bbox 1186 1261 1305 1319; x_wconf 89' lang='lat' dir='ltr'><strong>sectam</strong></span> 
     </span>
     <span class='ocr_line' id='line_1_10' title="bbox 124 1356 1303 1446; baseline -0.003 -23"><span class='ocrx_word' id='word_1_75' title='bbox 124 1361 358 1446; x_wconf 88' lang='lat' dir='ltr'><strong>turpissimam</strong></span> <span class='ocrx_word' id='word_1_76' title='bbox 377 1378 503 1423; x_wconf 89' lang='lat' dir='ltr'><strong>versum</strong></span> <span class='ocrx_word' id='word_1_77' title='bbox 523 1365 586 1438; x_wconf 88' lang='lat' dir='ltr'><strong>est,</strong></span> <span class='ocrx_word' id='word_1_78' title='bbox 607 1377 667 1440; x_wconf 87' lang='lat' dir='ltr'><strong>qua</strong></span> <span class='ocrx_word' id='word_1_79' title='bbox 688 1356 792 1441; x_wconf 92' lang='lat' dir='ltr'><strong>placet</strong></span> <span class='ocrx_word' id='word_1_80' title='bbox 811 1377 886 1419; x_wconf 89' lang='lat' dir='ltr'><strong>usus</strong></span> <span class='ocrx_word' id='word_1_81' title='bbox 907 1357 1088 1421; x_wconf 81' lang='lat' dir='ltr'><strong>indifferens</strong></span> <span class='ocrx_word' id='word_1_82' title='bbox 1108 1356 1303 1420; x_wconf 85' lang='lat' dir='ltr'><strong>seminarum.</strong></span> 
     </span>
     <span class='ocr_line' id='line_1_11' title="bbox 122 1458 1304 1545; baseline -0.003 -18"><span class='ocrx_word' id='word_1_83' title='bbox 122 1462 174 1529; x_wconf 89' lang='lat' dir='ltr'><strong>Hi</strong></span> <span class='ocrx_word' id='word_1_84' title='bbox 191 1482 257 1526; x_wconf 86' lang='lat' dir='ltr'><strong>nec</strong></span> <span class='ocrx_word' id='word_1_85' title='bbox 272 1460 312 1525; x_wconf 91' lang='lat' dir='ltr'><strong>ab</strong></span> <span class='ocrx_word' id='word_1_86' title='bbox 327 1463 366 1525; x_wconf 89' lang='lat' dir='ltr'><strong>iis</strong></span> <span class='ocrx_word' id='word_1_87' title='bbox 381 1481 460 1545; x_wconf 89' lang='lat' dir='ltr'><strong>quae</strong></span> <span class='ocrx_word' id='word_1_88' title='bbox 476 1459 568 1524; x_wconf 93' lang='lat' dir='ltr'><strong>idolis</strong></span> <span class='ocrx_word' id='word_1_89' title='bbox 585 1458 785 1523; x_wconf 87' lang='lat' dir='ltr'><strong>immolantur</strong></span> <span class='ocrx_word' id='word_1_90' title='bbox 800 1459 886 1523; x_wconf 88' lang='lat' dir='ltr'><strong>cibos</strong></span> <span class='ocrx_word' id='word_1_91' title='bbox 902 1480 975 1523; x_wconf 90' lang='lat' dir='ltr'><strong>suos</strong></span> <span class='ocrx_word' id='word_1_92' title='bbox 996 1464 1164 1543; x_wconf 87' lang='lat' dir='ltr'><strong>separant,</strong></span> <span class='ocrx_word' id='word_1_93' title='bbox 1180 1465 1211 1522; x_wconf 89' lang='lat' dir='ltr'><strong>et</strong></span> <span class='ocrx_word' id='word_1_94' title='bbox 1226 1459 1304 1523; x_wconf 87' lang='lat' dir='ltr'><strong>alios</strong></span> 
     </span>
     <span class='ocr_line' id='line_1_12' title="bbox 125 1560 1305 1648; baseline -0.003 -18"><span class='ocrx_word' id='word_1_95' title='bbox 125 1568 219 1630; x_wconf 84' lang='lat' dir='ltr'><strong>ritus</strong></span> <span class='ocrx_word' id='word_1_96' title='bbox 243 1563 407 1647; x_wconf 73' lang='lat' dir='ltr'><strong>gentilium</strong></span> <span class='ocrx_word' id='word_1_97' title='bbox 430 1565 687 1648; x_wconf 82' lang='lat' dir='ltr'><strong>superstitionum</strong></span> <span class='ocrx_word' id='word_1_98' title='bbox 710 1583 771 1625; x_wconf 90' lang='lat' dir='ltr'><strong>non</strong></span> <span class='ocrx_word' id='word_1_99' title='bbox 794 1560 1005 1625; x_wconf 71' lang='lat' dir='ltr'><strong>⁹avcrsantur.</strong></span> <span class='ocrx_word' id='word_1_100' title='bbox 1048 1561 1185 1625; x_wconf 82' lang='lat' dir='ltr'><strong>Narrant</strong></span> <span class='ocrx_word' id='word_1_101' title='bbox 1210 1565 1305 1626; x_wconf 90' lang='lat' dir='ltr'><strong>etiam</strong></span> 
     </span>
     <span class='ocr_line' id='line_1_13' title="bbox 125 1664 1302 1755; baseline -0.003 -23"><span class='ocrx_word' id='word_1_102' title='bbox 125 1666 296 1755; x_wconf 78' lang='lat' dir='ltr'><strong>quaedam</strong></span> <span class='ocrx_word' id='word_1_103' title='bbox 310 1665 452 1729; x_wconf 84' lang='lat' dir='ltr'><strong>fabulosa</strong></span> <span class='ocrx_word' id='word_1_104' title='bbox 467 1666 505 1730; x_wconf 92' lang='lat' dir='ltr'><strong>de</strong></span> <span class='ocrx_word' id='word_1_105' title='bbox 522 1664 655 1745; x_wconf 88' lang='lat' dir='ltr'><strong>mundo,</strong></span> <span class='ocrx_word' id='word_1_106' title='bbox 676 1668 780 1728; x_wconf 86' lang='lat' dir='ltr'><strong>nescio</strong></span> <span class='ocrx_word' id='word_1_107' title='bbox 803 1685 881 1747; x_wconf 89' lang='lat' dir='ltr'><strong>quae</strong></span> <span class='ocrx_word' id='word_1_108' title='bbox 903 1664 1034 1728; x_wconf 85' lang='lat' dir='ltr'><strong>barbara</strong></span> <span class='ocrx_word' id='word_1_109' title='bbox 1055 1667 1231 1748; x_wconf 83' lang='lat' dir='ltr'><strong>principum</strong></span> <span class='ocrx_word' id='word_1_110' title='bbox 1246 1687 1302 1728; x_wconf 90' lang='lat' dir='ltr'><strong>no·-</strong></span> 
     </span>
     <span class='ocr_line' id='line_1_14' title="bbox 126 1766 1305 1853; baseline -0.003 -18"><span class='ocrx_word' id='word_1_111' title='bbox 126 1772 228 1835; x_wconf 86' lang='lat' dir='ltr'><strong>mina</strong></span> <span class='ocrx_word' id='word_1_112' title='bbox 249 1770 419 1832; x_wconf 82' lang='lat' dir='ltr'><strong>miscentes</strong></span> <span class='ocrx_word' id='word_1_113' title='bbox 442 1767 706 1853; x_wconf 90' lang='lat' dir='ltr'><strong>disputationibus</strong></span> <span class='ocrx_word' id='word_1_114' title='bbox 729 1770 810 1846; x_wconf 89' lang='lat' dir='ltr'><strong>suis,</strong></span> <span class='ocrx_word' id='word_1_115' title='bbox 841 1767 953 1849; x_wconf 91' lang='lat' dir='ltr'><strong>quibus</strong></span> <span class='ocrx_word' id='word_1_116' title='bbox 977 1773 1115 1830; x_wconf 85' lang='lat' dir='ltr'><strong>torreant</strong></span> <span class='ocrx_word' id='word_1_117' title='bbox 1136 1766 1305 1848; x_wconf 81' lang='lat' dir='ltr'><strong>auditores,</strong></span> 
     </span>
     <span class='ocr_line' id='line_1_15' title="bbox 129 1869 1303 1958; baseline -0.003 -22"><span class='ocrx_word' id='word_1_118' title='bbox 129 1892 219 1958; x_wconf 77' lang='lat' dir='ltr'><strong>quac</strong></span> <span class='ocrx_word' id='word_1_119' title='bbox 235 1869 444 1956; x_wconf 88' lang='lat' dir='ltr'><strong>prudentibus</strong></span> <span class='ocrx_word' id='word_1_120' title='bbox 461 1873 558 1934; x_wconf 90' lang='lat' dir='ltr'><strong>risum</strong></span> <span class='ocrx_word' id='word_1_121' title='bbox 573 1873 676 1954; x_wconf 91' lang='lat' dir='ltr'><strong>potius</strong></span> <span class='ocrx_word' id='word_1_122' title='bbox 693 1871 811 1934; x_wconf 85' lang='lat' dir='ltr'><strong>iaciunt</strong></span> <span class='ocrx_word' id='word_1_123' title='bbox 827 1891 919 1952; x_wconf 92' lang='lat' dir='ltr'><strong>quam</strong></span> <span class='ocrx_word' id='word_1_124' title='bbox 935 1872 1087 1933; x_wconf 87' lang='lat' dir='ltr'><strong>timorem.</strong></span> <span class='ocrx_word' id='word_1_125' title='bbox 1119 1869 1303 1951; x_wconf 83' lang='lat' dir='ltr'><strong>intelligun-</strong></span> 
     </span>
     <span class='ocr_line' id='line_1_16' title="bbox 130 1971 1304 2055; baseline -0.003 -16"><span class='ocrx_word' id='word_1_126' title='bbox 130 1980 189 2039; x_wconf 88' lang='lat' dir='ltr'><strong>tur</strong></span> <span class='ocrx_word' id='word_1_127' title='bbox 204 1979 314 2038; x_wconf 89' lang='lat' dir='ltr'><strong>autem</strong></span> <span class='ocrx_word' id='word_1_128' title='bbox 328 1976 422 2037; x_wconf 88' lang='lat' dir='ltr'><strong>etiam</strong></span> <span class='ocrx_word' id='word_1_129' title='bbox 442 1976 496 2036; x_wconf 90' lang='lat' dir='ltr'><strong>isti</strong></span> <span class='ocrx_word' id='word_1_130' title='bbox 517 1994 579 2036; x_wconf 92' lang='lat' dir='ltr'><strong>non</strong></span> <span class='ocrx_word' id='word_1_131' title='bbox 601 1973 658 2036; x_wconf 88' lang='lat' dir='ltr'><strong>deo</strong></span> <span class='ocrx_word' id='word_1_132' title='bbox 678 1972 815 2036; x_wconf 87' lang='lat' dir='ltr'><strong>tribuero</strong></span> <span class='ocrx_word' id='word_1_133' title='bbox 832 1980 1022 2051; x_wconf 86' lang='lat' dir='ltr'><strong>creaturam,</strong></span> <span class='ocrx_word' id='word_1_134' title='bbox 1046 1971 1101 2035; x_wconf 87' lang='lat' dir='ltr'><strong>sed</strong></span> <span class='ocrx_word' id='word_1_135' title='bbox 1117 1972 1304 2055; x_wconf 87' lang='lat' dir='ltr'><strong>quibusdam</strong></span> 
     </span>
     <span class='ocr_line' id='line_1_17' title="bbox 134 2074 1173 2163; baseline -0.005 -22"><span class='ocrx_word' id='word_1_136' title='bbox 134 2076 350 2163; x_wconf 83' lang='lat' dir='ltr'><strong>potestatibus</strong></span> <span class='ocrx_word' id='word_1_137' title='bbox 367 2097 444 2160; x_wconf 89' lang='lat' dir='ltr'><strong>quas</strong></span> <span class='ocrx_word' id='word_1_138' title='bbox 459 2075 594 2139; x_wconf 88' lang='lat' dir='ltr'><strong>mirabili</strong></span> <span class='ocrx_word' id='word_1_139' title='bbox 609 2074 660 2138; x_wconf 88' lang='lat' dir='ltr'><strong>vel</strong></span> <span class='ocrx_word' id='word_1_140' title='bbox 676 2076 797 2157; x_wconf 83' lang='lat' dir='ltr'><strong>tingunt</strong></span> <span class='ocrx_word' id='word_1_141' title='bbox 811 2078 949 2138; x_wconf 85' lang='lat' dir='ltr'><strong>vanitate</strong></span> <span class='ocrx_word' id='word_1_142' title='bbox 965 2074 1016 2138; x_wconf 88' lang='lat' dir='ltr'><strong>vel</strong></span> <span class='ocrx_word' id='word_1_143' title='bbox 1033 2074 1173 2137; x_wconf 89' lang='lat' dir='ltr'><strong>credunt.</strong></span> 
     </span>
    </p>

    <p class='ocr_par' dir='ltr' id='par_1_4' title="bbox 138 2176 1504 3917">
     <span class='ocr_line' id='line_1_18' title="bbox 203 2176 1504 2263; baseline -0.006 -18"><span class='ocrx_word' id='word_1_144' title='bbox 203 2180 349 2245; x_wconf 83' lang='lat' dir='ltr'><strong>Gnostici</strong></span> <span class='ocrx_word' id='word_1_145' title='bbox 367 2184 496 2263; x_wconf 89' lang='lat' dir='ltr'><strong>proptor</strong></span> <span class='ocrx_word' id='word_1_146' title='bbox 517 2177 735 2242; x_wconf 86' lang='lat' dir='ltr'><strong>excellentiam</strong></span> <span class='ocrx_word' id='word_1_147' title='bbox 757 2180 904 2241; x_wconf 87' lang='lat' dir='ltr'><strong>scientiae</strong></span> <span class='ocrx_word' id='word_1_148' title='bbox 927 2180 971 2239; x_wconf 88' lang='lat' dir='ltr'><strong>sic</strong></span> <span class='ocrx_word' id='word_1_149' title='bbox 992 2198 1025 2240; x_wconf 91' lang='lat' dir='ltr'><strong>sc</strong></span> <span class='ocrx_word' id='word_1_150' title='bbox 1045 2176 1217 2261; x_wconf 90' lang='lat' dir='ltr'><strong>appellatos</strong></span> <span class='ocrx_word' id='word_1_151' title='bbox 1234 2199 1303 2242; x_wconf 89' lang='lat' dir='ltr'><strong>esse</strong></span> <span class='ocrx_word' id='word_1_152' title='bbox 1323 2188 1373 2238; x_wconf 75' lang='lat'>⁰⁸1³·</span> <span class='ocrx_word' id='word_1_153' title='bbox 1387 2186 1425 2226; x_wconf 69' lang='lat' dir='ltr'><strong>Vt·</strong></span> <span class='ocrx_word' id='word_1_154' title='bbox 1501 2178 1504 2183; x_wconf 85' lang='lat'>&#39;</span> 
     </span>
     <span class='ocr_line' id='line_1_19' title="bbox 138 2279 1304 2368; baseline -0.002 -21"><span class='ocrx_word' id='word_1_155' title='bbox 138 2282 189 2347; x_wconf 86' lang='lat' dir='ltr'><strong>vel</strong></span> <span class='ocrx_word' id='word_1_156' title='bbox 204 2280 356 2368; x_wconf 88' lang='lat' dir='ltr'><strong>appellari</strong></span> <span class='ocrx_word' id='word_1_157' title='bbox 377 2280 522 2345; x_wconf 88' lang='lat' dir='ltr'><strong>debuisse</strong></span> <span class='ocrx_word' id='word_1_158' title='bbox 544 2281 729 2363; x_wconf 87' lang='lat' dir='ltr'><strong>gloriantur,</strong></span> <span class='ocrx_word' id='word_1_159' title='bbox 749 2302 820 2343; x_wconf 89' lang='lat' dir='ltr'><strong>omn</strong></span> <span class='ocrx_word' id='word_1_160' title='bbox 840 2282 904 2342; x_wconf 91' lang='lat' dir='ltr'><strong>sint</strong></span> <span class='ocrx_word' id='word_1_161' title='bbox 924 2279 1135 2365; x_wconf 87' lang='lat' dir='ltr'><strong>superioribus</strong></span> <span class='ocrx_word' id='word_1_162' title='bbox 1158 2281 1304 2345; x_wconf 91' lang='lat' dir='ltr'><strong>omnibus</strong></span> 
     </span>
     <span class='ocr_line' id='line_1_20' title="bbox 140 2382 1302 2469; baseline -0.002 -19"><span class='ocrx_word' id='word_1_163' title='bbox 140 2387 285 2450; x_wconf 80' lang='lat' dir='ltr'><strong>vaniores</strong></span> <span class='ocrx_word' id='word_1_164' title='bbox 301 2389 393 2468; x_wconf 89' lang='lat' dir='ltr'><strong>atque</strong></span> <span class='ocrx_word' id='word_1_165' title='bbox 409 2387 573 2469; x_wconf 80' lang='lat' dir='ltr'><strong>turpiores</strong></span> <span class='ocrx_word' id='word_1_166' title='bbox 603 2384 745 2466; x_wconf 87' lang='lat' dir='ltr'><strong>Denique</strong></span> <span class='ocrx_word' id='word_1_167' title='bbox 762 2404 833 2446; x_wconf 89' lang='lat' dir='ltr'><strong>cum</strong></span> <span class='ocrx_word' id='word_1_168' title='bbox 848 2383 887 2446; x_wconf 86' lang='lat' dir='ltr'><strong>ab</strong></span> <span class='ocrx_word' id='word_1_169' title='bbox 903 2383 973 2446; x_wconf 89' lang='lat' dir='ltr'><strong>aliis</strong></span> <span class='ocrx_word' id='word_1_170' title='bbox 989 2389 1081 2466; x_wconf 88' lang='lat' dir='ltr'><strong>atque</strong></span> <span class='ocrx_word' id='word_1_171' title='bbox 1098 2382 1168 2447; x_wconf 91' lang='lat' dir='ltr'><strong>aliis</strong></span> <span class='ocrx_word' id='word_1_172' title='bbox 1184 2405 1239 2468; x_wconf 91' lang='lat' dir='ltr'><strong>per</strong></span> <span class='ocrx_word' id='word_1_173' title='bbox 1255 2384 1302 2448; x_wconf 88' lang='lat' dir='ltr'><strong>di-</strong></span> 
     </span>
     <span class='ocr_line' id='line_1_21' title="bbox 141 2485 1304 2571; baseline -0.001 -18"><span class='ocrx_word' id='word_1_174' title='bbox 141 2508 247 2554; x_wconf 80' lang='lat' dir='ltr'><strong>versas</strong></span> <span class='ocrx_word' id='word_1_175' title='bbox 267 2493 422 2551; x_wconf 86' lang='lat' dir='ltr'><strong>terrarum</strong></span> <span class='ocrx_word' id='word_1_176' title='bbox 442 2493 547 2571; x_wconf 88' lang='lat' dir='ltr'><strong>partes</strong></span> <span class='ocrx_word' id='word_1_177' title='bbox 570 2485 661 2549; x_wconf 90' lang='lat' dir='ltr'><strong>aliter</strong></span> <span class='ocrx_word' id='word_1_178' title='bbox 682 2493 773 2568; x_wconf 87' lang='lat' dir='ltr'><strong>atque</strong></span> <span class='ocrx_word' id='word_1_179' title='bbox 794 2486 884 2549; x_wconf 90' lang='lat' dir='ltr'><strong>alitor</strong></span> <span class='ocrx_word' id='word_1_180' title='bbox 903 2490 1138 2571; x_wconf 89' lang='lat' dir='ltr'><strong>nuncupentur,</strong></span> <span class='ocrx_word' id='word_1_181' title='bbox 1161 2487 1304 2552; x_wconf 91' lang='lat' dir='ltr'><strong>nonnulli</strong></span> 
     </span>
     <span class='ocr_line' id='line_1_22' title="bbox 143 2589 1303 2674; baseline -0.003 -17"><span class='ocrx_word' id='word_1_182' title='bbox 143 2610 193 2657; x_wconf 84' lang='lat' dir='ltr'><strong>eos</strong></span> <span class='ocrx_word' id='word_1_183' title='bbox 208 2593 306 2655; x_wconf 90' lang='lat' dir='ltr'><strong>etiam</strong></span> <span class='ocrx_word' id='word_1_184' title='bbox 320 2589 500 2654; x_wconf 88' lang='lat' dir='ltr'><strong>Borboritas</strong></span> <span class='ocrx_word' id='word_1_185' title='bbox 515 2596 638 2671; x_wconf 84' lang='lat' dir='ltr'><strong>vocant,</strong></span> <span class='ocrx_word' id='word_1_186' title='bbox 654 2592 744 2671; x_wconf 90' lang='lat' dir='ltr'><strong>qnasi</strong></span> <span class='ocrx_word' id='word_1_187' title='bbox 759 2610 923 2670; x_wconf 89' lang='lat' dir='ltr'><strong>coenosos,</strong></span> <span class='ocrx_word' id='word_1_188' title='bbox 944 2595 1070 2674; x_wconf 91' lang='lat' dir='ltr'><strong>proptor</strong></span> <span class='ocrx_word' id='word_1_189' title='bbox 1092 2591 1222 2653; x_wconf 85' lang='lat' dir='ltr'><strong>nimiam</strong></span> <span class='ocrx_word' id='word_1_190' title='bbox 1236 2596 1303 2653; x_wconf 89' lang='lat' dir='ltr'><strong>tur-</strong></span> 
     </span>
     <span class='ocr_line' id='line_1_23' title="bbox 143 2692 1305 2781; baseline -0.002 -22"><span class='ocrx_word' id='word_1_191' title='bbox 143 2694 328 2781; x_wconf 87' lang='lat' dir='ltr'><strong>pitudinem,</strong></span> <span class='ocrx_word' id='word_1_192' title='bbox 344 2713 436 2776; x_wconf 88' lang='lat' dir='ltr'><strong>quam</strong></span> <span class='ocrx_word' id='word_1_193' title='bbox 453 2696 485 2755; x_wconf 90' lang='lat' dir='ltr'><strong>in</strong></span> <span class='ocrx_word' id='word_1_194' title='bbox 501 2695 566 2755; x_wconf 88' lang='lat' dir='ltr'><strong>suis</strong></span> <span class='ocrx_word' id='word_1_195' title='bbox 582 2695 739 2775; x_wconf 83' lang='lat' dir='ltr'><strong>mysteriis</strong></span> <span class='ocrx_word' id='word_1_196' title='bbox 755 2713 899 2755; x_wconf 86' lang='lat' dir='ltr'><strong>exercerc</strong></span> <span class='ocrx_word' id='word_1_197' title='bbox 917 2692 1071 2756; x_wconf 91' lang='lat' dir='ltr'><strong>dicuntur.</strong></span> <span class='ocrx_word' id='word_1_198' title='bbox 1094 2692 1200 2776; x_wconf 80' lang='lat' dir='ltr'><strong>Aliqui</strong></span> <span class='ocrx_word' id='word_1_199' title='bbox 1217 2715 1268 2757; x_wconf 88' lang='lat' dir='ltr'><strong>eos</strong></span> <span class='ocrx_word' id='word_1_200' title='bbox 1286 2716 1305 2757; x_wconf 88' lang='lat' dir='ltr'><strong>a</strong></span> 
     </span>
     <span class='ocr_line' id='line_1_24' title="bbox 141 2795 1303 2880; baseline -0.003 -17"><span class='ocrx_word' id='word_1_201' title='bbox 141 2795 304 2863; x_wconf 78' lang='lat' dir='ltr'><strong>Nicolaitis</strong></span> <span class='ocrx_word' id='word_1_202' title='bbox 317 2800 440 2859; x_wconf 84' lang='lat' dir='ltr'><strong>exortos</strong></span> <span class='ocrx_word' id='word_1_203' title='bbox 452 2802 574 2879; x_wconf 85' lang='lat' dir='ltr'><strong>putant,</strong></span> <span class='ocrx_word' id='word_1_204' title='bbox 590 2795 685 2879; x_wconf 88' lang='lat' dir='ltr'><strong>aliqui</strong></span> <span class='ocrx_word' id='word_1_205' title='bbox 698 2817 716 2857; x_wconf 91' lang='lat' dir='ltr'><strong>a</strong></span> <span class='ocrx_word' id='word_1_206' title='bbox 728 2795 913 2880; x_wconf 86' lang='lat' dir='ltr'><strong>Carpocratc</strong></span> <span class='ocrx_word' id='word_1_207' title='bbox 926 2795 964 2858; x_wconf 90' lang='lat' dir='ltr'><strong>de</strong></span> <span class='ocrx_word' id='word_1_208' title='bbox 977 2816 1036 2879; x_wconf 93' lang='lat' dir='ltr'><strong>quo</strong></span> <span class='ocrx_word' id='word_1_209' title='bbox 1049 2801 1121 2880; x_wconf 87' lang='lat' dir='ltr'><strong>post</strong></span> <span class='ocrx_word' id='word_1_210' title='bbox 1130 2795 1303 2879; x_wconf 88' lang='lat' dir='ltr'><strong>loquemur.</strong></span> 
     </span>
     <span class='ocr_line' id='line_1_25' title="bbox 143 2897 1304 2985; baseline 0 -20"><span class='ocrx_word' id='word_1_211' title='bbox 143 2898 284 2965; x_wconf 81' lang='lat' dir='ltr'><strong>Tradunt</strong></span> <span class='ocrx_word' id='word_1_212' title='bbox 299 2904 404 2962; x_wconf 89' lang='lat' dir='ltr'><strong>autem</strong></span> <span class='ocrx_word' id='word_1_213' title='bbox 420 2897 568 2980; x_wconf 83' lang='lat' dir='ltr'><strong>dogmata</strong></span> <span class='ocrx_word' id='word_1_214' title='bbox 582 2898 822 2962; x_wconf 83' lang='lat' dir='ltr'><strong>fabulosissimis</strong></span> <span class='ocrx_word' id='word_1_215' title='bbox 838 2897 931 2983; x_wconf 89' lang='lat' dir='ltr'><strong>plena</strong></span> <span class='ocrx_word' id='word_1_216' title='bbox 947 2898 1117 2980; x_wconf 83' lang='lat' dir='ltr'><strong>figmentis:</strong></span> <span class='ocrx_word' id='word_1_217' title='bbox 1134 2901 1228 2963; x_wconf 87' lang='lat' dir='ltr'><strong>etiam</strong></span> <span class='ocrx_word' id='word_1_218' title='bbox 1243 2903 1304 2985; x_wconf 91' lang='lat' dir='ltr'><strong>ipsi</strong></span> 
     </span>
     <span class='ocr_line' id='line_1_26' title="bbox 143 2999 1304 3089; baseline 0 -22"><span class='ocrx_word' id='word_1_219' title='bbox 143 3005 318 3089; x_wconf 84' lang='lat' dir='ltr'><strong>principum</strong></span> <span class='ocrx_word' id='word_1_220' title='bbox 339 3000 387 3065; x_wconf 88' lang='lat' dir='ltr'><strong>vel</strong></span> <span class='ocrx_word' id='word_1_221' title='bbox 407 3000 588 3083; x_wconf 89' lang='lat' dir='ltr'><strong>angelorum</strong></span> <span class='ocrx_word' id='word_1_222' title='bbox 608 3000 788 3065; x_wconf 91' lang='lat' dir='ltr'><strong>nominibus</strong></span> <span class='ocrx_word' id='word_1_223' title='bbox 809 2999 1002 3065; x_wconf 89' lang='lat' dir='ltr'><strong>terribilibus</strong></span> <span class='ocrx_word' id='word_1_224' title='bbox 1023 3001 1162 3064; x_wconf 83' lang='lat' dir='ltr'><strong>infirmas</strong></span> <span class='ocrx_word' id='word_1_225' title='bbox 1184 3005 1304 3067; x_wconf 81' lang='lat' dir='ltr'><strong>ammas</strong></span> 
     </span>
     <span class='ocr_line' id='line_1_27' title="bbox 143 3103 1305 3193; baseline 0 -22"><span class='ocrx_word' id='word_1_226' title='bbox 143 3109 286 3193; x_wconf 87' lang='lat' dir='ltr'><strong>capiunt,</strong></span> <span class='ocrx_word' id='word_1_227' title='bbox 301 3110 332 3167; x_wconf 90' lang='lat' dir='ltr'><strong>et</strong></span> <span class='ocrx_word' id='word_1_228' title='bbox 347 3103 384 3167; x_wconf 90' lang='lat' dir='ltr'><strong>de</strong></span> <span class='ocrx_word' id='word_1_229' title='bbox 401 3103 457 3168; x_wconf 87' lang='lat' dir='ltr'><strong>deo</strong></span> <span class='ocrx_word' id='word_1_230' title='bbox 474 3124 638 3188; x_wconf 88' lang='lat' dir='ltr'><strong>rerumque</strong></span> <span class='ocrx_word' id='word_1_231' title='bbox 654 3110 766 3168; x_wconf 89' lang='lat' dir='ltr'><strong>natura</strong></span> <span class='ocrx_word' id='word_1_232' title='bbox 780 3103 922 3167; x_wconf 80' lang='lat' dir='ltr'><strong>sabulosa</strong></span> <span class='ocrx_word' id='word_1_233' title='bbox 936 3109 968 3166; x_wconf 90' lang='lat' dir='ltr'><strong>et</strong></span> <span class='ocrx_word' id='word_1_234' title='bbox 982 3125 1000 3166; x_wconf 93' lang='lat' dir='ltr'><strong>a</strong></span> <span class='ocrx_word' id='word_1_235' title='bbox 1015 3106 1149 3167; x_wconf 85' lang='lat' dir='ltr'><strong>sanitate</strong></span> <span class='ocrx_word' id='word_1_236' title='bbox 1164 3109 1305 3171; x_wconf 86' lang='lat' dir='ltr'><strong>veritatis</strong></span> 
     </span>
     <span class='ocr_line' id='line_1_28' title="bbox 142 3206 1303 3275; baseline 0.002 -2"><span class='ocrx_word' id='word_1_237' title='bbox 142 3208 244 3273; x_wconf 75' lang='lat' dir='ltr'><strong>aliena</strong></span> <span class='ocrx_word' id='word_1_238' title='bbox 263 3206 364 3271; x_wconf 92' lang='lat' dir='ltr'><strong>multa</strong></span> <span class='ocrx_word' id='word_1_239' title='bbox 383 3212 562 3271; x_wconf 84' lang='lat' dir='ltr'><strong>contexunt.</strong></span> <span class='ocrx_word' id='word_1_240' title='bbox 600 3207 785 3271; x_wconf 82' lang='lat' dir='ltr'><strong>Animarum</strong></span> <span class='ocrx_word' id='word_1_241' title='bbox 805 3208 1014 3271; x_wconf 88' lang='lat' dir='ltr'><strong>substantiam</strong></span> <span class='ocrx_word' id='word_1_242' title='bbox 1036 3206 1085 3270; x_wconf 87' lang='lat' dir='ltr'><strong>dei</strong></span> <span class='ocrx_word' id='word_1_243' title='bbox 1107 3207 1215 3274; x_wconf 87' lang='lat' dir='ltr'><strong>dicunt</strong></span> <span class='ocrx_word' id='word_1_244' title='bbox 1235 3232 1303 3275; x_wconf 89' lang='lat' dir='ltr'><strong>csse</strong></span> 
     </span>
     <span class='ocr_line' id='line_1_29' title="bbox 142 3309 1304 3395; baseline 0 -18"><span class='ocrx_word' id='word_1_245' title='bbox 142 3317 296 3391; x_wconf 79' lang='lat' dir='ltr'><strong>mauram,</strong></span> <span class='ocrx_word' id='word_1_246' title='bbox 311 3330 479 3393; x_wconf 86' lang='lat' dir='ltr'><strong>earumque</strong></span> <span class='ocrx_word' id='word_1_247' title='bbox 496 3309 665 3374; x_wconf 89' lang='lat' dir='ltr'><strong>adventum</strong></span> <span class='ocrx_word' id='word_1_248' title='bbox 677 3313 709 3372; x_wconf 90' lang='lat' dir='ltr'><strong>in</strong></span> <span class='ocrx_word' id='word_1_249' title='bbox 722 3310 797 3374; x_wconf 89' lang='lat' dir='ltr'><strong>haec</strong></span> <span class='ocrx_word' id='word_1_250' title='bbox 814 3311 961 3395; x_wconf 89' lang='lat' dir='ltr'><strong>¹corpora</strong></span> <span class='ocrx_word' id='word_1_251' title='bbox 972 3316 1003 3372; x_wconf 89' lang='lat' dir='ltr'><strong>et</strong></span> <span class='ocrx_word' id='word_1_252' title='bbox 1014 3311 1148 3375; x_wconf 87' lang='lat' dir='ltr'><strong>reditum</strong></span> <span class='ocrx_word' id='word_1_253' title='bbox 1160 3313 1199 3377; x_wconf 89' lang='lat' dir='ltr'><strong>ad</strong></span> <span class='ocrx_word' id='word_1_254' title='bbox 1213 3313 1304 3377; x_wconf 86' lang='lat' dir='ltr'><strong>deum</strong></span> 
     </span>
     <span class='ocr_line' id='line_1_30' title="bbox 141 3412 1303 3496; baseline 0 -17"><span class='ocrx_word' id='word_1_255' title='bbox 141 3413 254 3479; x_wconf 83' lang='lat' dir='ltr'><strong>iisdem</strong></span> <span class='ocrx_word' id='word_1_256' title='bbox 269 3415 336 3477; x_wconf 92' lang='lat' dir='ltr'><strong>suis</strong></span> <span class='ocrx_word' id='word_1_257' title='bbox 351 3413 465 3477; x_wconf 84' lang='lat' dir='ltr'><strong>sabulis</strong></span> <span class='ocrx_word' id='word_1_258' title='bbox 480 3412 672 3496; x_wconf 89' lang='lat' dir='ltr'><strong>longissimis</strong></span> <span class='ocrx_word' id='word_1_259' title='bbox 688 3420 720 3476; x_wconf 90' lang='lat' dir='ltr'><strong>et</strong></span> <span class='ocrx_word' id='word_1_260' title='bbox 735 3413 929 3477; x_wconf 87' lang='lat' dir='ltr'><strong>stultissimis</strong></span> <span class='ocrx_word' id='word_1_261' title='bbox 945 3414 1117 3478; x_wconf 89' lang='lat' dir='ltr'><strong>secundum</strong></span> <span class='ocrx_word' id='word_1_262' title='bbox 1133 3436 1205 3478; x_wconf 90' lang='lat' dir='ltr'><strong>suos</strong></span> <span class='ocrx_word' id='word_1_263' title='bbox 1221 3438 1303 3479; x_wconf 91' lang='lat' dir='ltr'><strong>erro·</strong></span> 
     </span>
     <span class='ocr_line' id='line_1_31' title="bbox 141 3516 1304 3603; baseline -0.002 -20"><span class='ocrx_word' id='word_1_264' title='bbox 141 3536 190 3583; x_wconf 83' lang='lat' dir='ltr'><strong>res</strong></span> <span class='ocrx_word' id='word_1_265' title='bbox 203 3519 364 3581; x_wconf 89' lang='lat' dir='ltr'><strong>inserunt:</strong></span> <span class='ocrx_word' id='word_1_266' title='bbox 380 3523 413 3579; x_wconf 90' lang='lat' dir='ltr'><strong>et</strong></span> <span class='ocrx_word' id='word_1_267' title='bbox 428 3516 495 3579; x_wconf 92' lang='lat' dir='ltr'><strong>illos</strong></span> <span class='ocrx_word' id='word_1_268' title='bbox 512 3519 563 3600; x_wconf 92' lang='lat' dir='ltr'><strong>qui</strong></span> <span class='ocrx_word' id='word_1_269' title='bbox 580 3519 625 3579; x_wconf 88' lang='lat' dir='ltr'><strong>eis</strong></span> <span class='ocrx_word' id='word_1_270' title='bbox 642 3516 773 3580; x_wconf 89' lang='lat' dir='ltr'><strong>credunt</strong></span> <span class='ocrx_word' id='word_1_271' title='bbox 788 3518 907 3581; x_wconf 84' lang='lat' dir='ltr'><strong>iaciunt</strong></span> <span class='ocrx_word' id='word_1_272' title='bbox 921 3539 983 3581; x_wconf 93' lang='lat' dir='ltr'><strong>non</strong></span> <span class='ocrx_word' id='word_1_273' title='bbox 999 3517 1113 3599; x_wconf 92' lang='lat' dir='ltr'><strong>multa,</strong></span> <span class='ocrx_word' id='word_1_274' title='bbox 1134 3524 1169 3580; x_wconf 90' lang='lat' dir='ltr'><strong>ut</strong></span> <span class='ocrx_word' id='word_1_275' title='bbox 1183 3524 1304 3603; x_wconf 90' lang='lat' dir='ltr'><strong>putant,</strong></span> 
     </span>
     <span class='ocr_line' id='line_1_32' title="bbox 142 3619 1302 3704; baseline 0.001 -19"><span class='ocrx_word' id='word_1_276' title='bbox 142 3622 274 3685; x_wconf 87' lang='lat' dir='ltr'><strong>scientia</strong></span> <span class='ocrx_word' id='word_1_277' title='bbox 284 3619 488 3704; x_wconf 88' lang='lat' dir='ltr'><strong>praepollere,</strong></span> <span class='ocrx_word' id='word_1_278' title='bbox 502 3619 556 3683; x_wconf 90' lang='lat' dir='ltr'><strong>sed</strong></span> <span class='ocrx_word' id='word_1_279' title='bbox 569 3619 679 3701; x_wconf 90' lang='lat' dir='ltr'><strong>multa,</strong></span> <span class='ocrx_word' id='word_1_280' title='bbox 691 3627 726 3682; x_wconf 87' lang='lat' dir='ltr'><strong>ut</strong></span> <span class='ocrx_word' id='word_1_281' title='bbox 738 3621 780 3682; x_wconf 90' lang='lat' dir='ltr'><strong>ita</strong></span> <span class='ocrx_word' id='word_1_282' title='bbox 793 3620 904 3702; x_wconf 86' lang='lat' dir='ltr'><strong>dicam,</strong></span> <span class='ocrx_word' id='word_1_283' title='bbox 917 3621 1115 3687; x_wconf 86' lang='lat' dir='ltr'><strong>fabulositate</strong></span> <span class='ocrx_word' id='word_1_284' title='bbox 1124 3641 1302 3686; x_wconf 80' lang='lat' dir='ltr'><strong>vanescere.</strong></span> 
     </span>
     <span class='ocr_line' id='line_1_33' title="bbox 140 3720 1303 3807; baseline -0.002 -18"><span class='ocrx_word' id='word_1_285' title='bbox 140 3720 294 3789; x_wconf 84' lang='lat' dir='ltr'><strong>Dicuntur</strong></span> <span class='ocrx_word' id='word_1_286' title='bbox 306 3743 428 3806; x_wconf 90' lang='lat' dir='ltr'><strong>quoquc</strong></span> <span class='ocrx_word' id='word_1_287' title='bbox 442 3724 559 3787; x_wconf 90' lang='lat' dir='ltr'><strong>bonum</strong></span> <span class='ocrx_word' id='word_1_288' title='bbox 571 3723 664 3787; x_wconf 86' lang='lat' dir='ltr'><strong>deum</strong></span> <span class='ocrx_word' id='word_1_289' title='bbox 680 3729 711 3786; x_wconf 85' lang='lat' dir='ltr'><strong>st</strong></span> <span class='ocrx_word' id='word_1_290' title='bbox 726 3722 843 3787; x_wconf 90' lang='lat' dir='ltr'><strong>malum</strong></span> <span class='ocrx_word' id='word_1_291' title='bbox 859 3724 951 3788; x_wconf 87' lang='lat' dir='ltr'><strong>deum</strong></span> <span class='ocrx_word' id='word_1_292' title='bbox 968 3727 1000 3786; x_wconf 92' lang='lat' dir='ltr'><strong>in</strong></span> <span class='ocrx_word' id='word_1_293' title='bbox 1016 3727 1080 3786; x_wconf 89' lang='lat' dir='ltr'><strong>suis</strong></span> <span class='ocrx_word' id='word_1_294' title='bbox 1095 3723 1210 3787; x_wconf 88' lang='lat' dir='ltr'><strong>habore</strong></span> <span class='ocrx_word' id='word_1_295' title='bbox 1228 3722 1303 3807; x_wconf 89' lang='lat' dir='ltr'><strong>dog·</strong></span> 
     </span>
     <span class='ocr_line' id='line_1_34' title="bbox 139 3826 286 3917; baseline -0.027 -26"><span class='ocrx_word' id='word_1_296' title='bbox 139 3826 286 3917; x_wconf 66' lang='lat' dir='ltr'><strong>crabbus.</strong></span> 
     </span>
    </p>

    <p class='ocr_par' dir='ltr' id='par_1_5' title="bbox 140 3976 1306 4185">
     <span class='ocr_line' id='line_1_35' title="bbox 189 3976 1306 4048; baseline 0 -15"><span class='ocrx_word' id='word_1_297' title='bbox 189 3978 215 4033; x_wconf 75' lang='lat'><strong>2.</strong></span> <span class='ocrx_word' id='word_1_298' title='bbox 234 3977 349 4030; x_wconf 80' lang='lat' dir='ltr'><strong>Veterum</strong></span> <span class='ocrx_word' id='word_1_299' title='bbox 355 3976 428 4030; x_wconf 82' lang='lat' dir='ltr'><em>MSS.</em></span> <span class='ocrx_word' id='word_1_300' title='bbox 442 3977 595 4031; x_wconf 74' lang='lat' dir='ltr'><strong>ducton&#39;tate</strong></span> <span class='ocrx_word' id='word_1_301' title='bbox 608 3983 770 4048; x_wconf 70' lang='lat' dir='ltr'><strong>expunximus</strong></span> <span class='ocrx_word' id='word_1_302' title='bbox 781 3980 860 4031; x_wconf 84' lang='lat' dir='ltr'><strong>verbo</strong></span> <span class='ocrx_word' id='word_1_303' title='bbox 872 3979 937 4031; x_wconf 77' lang='lat' dir='ltr'><strong>hoec</strong></span> <span class='ocrx_word' id='word_1_304' title='bbox 947 3997 1011 4047; x_wconf 87' lang='lat' dir='ltr'><strong>quae</strong></span> <span class='ocrx_word' id='word_1_305' title='bbox 1021 3981 1051 4031; x_wconf 83' lang='lat' dir='ltr'><strong>de</strong></span> <span class='ocrx_word' id='word_1_306' title='bbox 1063 3978 1235 4030; x_wconf 80' lang='lat' dir='ltr'><strong>Basib&#39;dianis</strong></span> <span class='ocrx_word' id='word_1_307' title='bbox 1245 3978 1306 4033; x_wconf 81' lang='lat' dir='ltr'><strong>ltne-</strong></span> 
     </span>
     <span class='ocr_line' id='line_1_36' title="bbox 140 4046 1305 4113; baseline 0.001 -12"><span class='ocrx_word' id='word_1_308' title='bbox 140 4050 229 4101; x_wconf 78' lang='lat' dir='ltr'><strong>ntica&#39;e</strong></span> <span class='ocrx_word' id='word_1_309' title='bbox 240 4048 305 4098; x_wconf 78' lang='lat' dir='ltr'><strong>editt</strong></span> <span class='ocrx_word' id='word_1_310' title='bbox 316 4048 427 4098; x_wconf 82' lang='lat' dir='ltr'><strong>addunt:</strong></span> <span class='ocrx_word' id='word_1_311' title='bbox 438 4047 566 4100; x_wconf 89' lang='lat' dir='ltr'><strong>Mundum</strong></span> <span class='ocrx_word' id='word_1_312' title='bbox 578 4049 657 4100; x_wconf 89' lang='lat' dir='ltr'><strong>istum</strong></span> <span class='ocrx_word' id='word_1_313' title='bbox 670 4048 711 4099; x_wconf 87' lang='lat' dir='ltr'><strong>vel</strong></span> <span class='ocrx_word' id='word_1_314' title='bbox 722 4046 856 4100; x_wconf 88' lang='lat' dir='ltr'><strong>hominem</strong></span> <span class='ocrx_word' id='word_1_315' title='bbox 866 4065 920 4100; x_wconf 92' lang='lat' dir='ltr'><strong>non</strong></span> <span class='ocrx_word' id='word_1_316' title='bbox 932 4047 1038 4099; x_wconf 82' lang='lat' dir='ltr'><strong>credunt</strong></span> <span class='ocrx_word' id='word_1_317' title='bbox 1050 4064 1065 4098; x_wconf 94' lang='lat' dir='ltr'><strong>a</strong></span> <span class='ocrx_word' id='word_1_318' title='bbox 1078 4046 1246 4113; x_wconf 76' lang='lat' dir='ltr'><strong>deuinctum,</strong></span> <span class='ocrx_word' id='word_1_319' title='bbox 1259 4048 1305 4102; x_wconf 88' lang='lat' dir='ltr'><strong>sed</strong></span> 
     </span>
     <span class='ocr_line' id='line_1_37' title="bbox 140 4115 1304 4185; baseline 0.002 -17"><span class='ocrx_word' id='word_1_320' title='bbox 140 4115 349 4168; x_wconf 83' lang='lat' dir='ltr'><strong>atreceutesimo</strong></span> <span class='ocrx_word' id='word_1_321' title='bbox 361 4117 528 4184; x_wconf 82' lang='lat' dir='ltr'><strong>sexagesimo</strong></span> <span class='ocrx_word' id='word_1_322' title='bbox 542 4118 630 4185; x_wconf 89' lang='lat' dir='ltr'><strong>quinto</strong></span> <span class='ocrx_word' id='word_1_323' title='bbox 644 4117 722 4168; x_wconf 81' lang='lat' dir='ltr'><strong>caelo.</strong></span> <span class='ocrx_word' id='word_1_324' title='bbox 747 4117 880 4168; x_wconf 83' lang='lat' dir='ltr'><strong>Amatoria</strong></span> <span class='ocrx_word' id='word_1_325' title='bbox 897 4117 1011 4167; x_wconf 83' lang='lat' dir='ltr'><strong>carmina</strong></span> <span class='ocrx_word' id='word_1_326' title='bbox 1023 4115 1137 4168; x_wconf 86' lang='lat' dir='ltr'><strong>studiose</strong></span> <span class='ocrx_word' id='word_1_327' title='bbox 1150 4115 1259 4170; x_wconf 89' lang='lat' dir='ltr'><strong>discunt.</strong></span> <span class='ocrx_word' id='word_1_328' title='bbox 1282 4119 1304 4170; x_wconf 76' lang='grc' dir='ltr'>Α</span> 
     </span>
    </p>

    <p class='ocr_par' dir='ltr' id='par_1_6' title="bbox 93 4182 1304 4322">
     <span class='ocr_line' id='line_1_38' title="bbox 93 4182 1304 4255; baseline 0.001 -18"><span class='ocrx_word' id='word_1_329' title='bbox 93 4184 96 4191; x_wconf 84' lang='grc'><strong>“</strong></span> <span class='ocrx_word' id='word_1_330' title='bbox 140 4182 242 4237; x_wconf 83' lang='lat' dir='ltr'><strong>ludaeis</strong></span> <span class='ocrx_word' id='word_1_331' title='bbox 253 4200 308 4236; x_wconf 89' lang='lat' dir='ltr'><strong>non</strong></span> <span class='ocrx_word' id='word_1_332' title='bbox 319 4183 428 4236; x_wconf 91' lang='lat' dir='ltr'><strong>credunt</strong></span> <span class='ocrx_word' id='word_1_333' title='bbox 439 4183 570 4237; x_wconf 86' lang='lat' dir='ltr'><strong>Christum</strong></span> <span class='ocrx_word' id='word_1_334' title='bbox 582 4185 744 4248; x_wconf 84' lang='lat' dir='ltr'><strong>rmeifixnm,</strong></span> <span class='ocrx_word' id='word_1_335' title='bbox 757 4184 802 4237; x_wconf 90' lang='lat' dir='ltr'><strong>sed</strong></span> <span class='ocrx_word' id='word_1_336' title='bbox 815 4185 948 4237; x_wconf 88' lang='lat' dir='ltr'><strong>Simonem</strong></span> <span class='ocrx_word' id='word_1_337' title='bbox 961 4183 1147 4252; x_wconf 82' lang='lat' dir='ltr'><strong>Cyrenensem,</strong></span> <span class='ocrx_word' id='word_1_338' title='bbox 1165 4186 1210 4254; x_wconf 92' lang='lat' dir='ltr'><strong>qui</strong></span> <span class='ocrx_word' id='word_1_339' title='bbox 1223 4203 1304 4255; x_wconf 83' lang='lat' dir='ltr'><strong>auga·</strong></span> 
     </span>
     <span class='ocr_line' id='line_1_39' title="bbox 140 4251 673 4322; baseline 0 -17"><span class='ocrx_word' id='word_1_340' title='bbox 140 4251 221 4305; x_wconf 76' lang='lat' dir='ltr'><strong>rietus</strong></span> <span class='ocrx_word' id='word_1_341' title='bbox 233 4252 339 4305; x_wconf 85' lang='lat' dir='ltr'><strong>sustulit</strong></span> <span class='ocrx_word' id='word_1_342' title='bbox 349 4268 452 4304; x_wconf 85' lang='lat' dir='ltr'><strong>crucem</strong></span> <span class='ocrx_word' id='word_1_343' title='bbox 465 4254 528 4304; x_wconf 86' lang='lat' dir='ltr'><strong>eins.</strong></span> <span class='ocrx_word' id='word_1_344' title='bbox 552 4253 673 4322; x_wconf 76' lang='lat' dir='ltr'><strong>(Bened.)</strong></span> 
     </span>
    </p>

    <p class='ocr_par' dir='ltr' id='par_1_7' title="bbox 140 4318 1304 4457">
     <span class='ocr_line' id='line_1_40' title="bbox 190 4318 1304 4390; baseline 0.002 -16"><span class='ocrx_word' id='word_1_345' title='bbox 190 4318 333 4390; x_wconf 68' lang='lat' dir='ltr'><strong>G⁸p.V.—</strong></span> <span class='ocrx_word' id='word_1_346' title='bbox 346 4320 368 4375; x_wconf 94' lang='lat' dir='ltr'><strong>l.</strong></span> <span class='ocrx_word' id='word_1_347' title='bbox 383 4322 442 4372; x_wconf 78' lang='lat' dir='ltr'><strong>Act.</strong></span> <span class='ocrx_word' id='word_1_348' title='bbox 461 4320 538 4384; x_wconf 66' lang='lat' dir='ltr'><strong>Vna.</strong></span> <span class='ocrx_word' id='word_1_349' title='bbox 585 4321 608 4374; x_wconf 67' lang='lat' dir='ltr'><strong>‘L</strong></span> <span class='ocrx_word' id='word_1_350' title='bbox 621 4320 672 4374; x_wconf 83' lang='lat' dir='ltr'><strong>Ed.</strong></span> <span class='ocrx_word' id='word_1_351' title='bbox 685 4321 882 4374; x_wconf 79' lang='lat' dir='ltr'><strong>Locaniensium</strong></span> <span class='ocrx_word' id='word_1_352' title='bbox 893 4320 1071 4374; x_wconf 79' lang='lat' dir='ltr'><strong>adversantur.</strong></span> <span class='ocrx_word' id='word_1_353' title='bbox 1095 4321 1188 4374; x_wconf 72' lang='lat' dir='ltr'><strong>Melius</strong></span> <span class='ocrx_word' id='word_1_354' title='bbox 1198 4323 1304 4376; x_wconf 79' lang='lat' dir='ltr'><strong>Eronni</strong></span> 
     </span>
     <span class='ocr_line' id='line_1_41' title="bbox 140 4388 687 4457; baseline -0.004 -14"><span class='ocrx_word' id='word_1_355' title='bbox 140 4389 218 4443; x_wconf 72' lang='lat' dir='ltr'><strong>editio</strong></span> <span class='ocrx_word' id='word_1_356' title='bbox 229 4406 286 4440; x_wconf 83' lang='lat' dir='ltr'><strong>cum</strong></span> <span class='ocrx_word' id='word_1_357' title='bbox 297 4388 369 4441; x_wconf 78' lang='lat' dir='ltr'><em>MSS.</em></span> <span class='ocrx_word' id='word_1_358' title='bbox 383 4394 543 4441; x_wconf 83' lang='lat' dir='ltr'><strong>aversantur.</strong></span> <span class='ocrx_word' id='word_1_359' title='bbox 569 4388 687 4457; x_wconf 86' lang='lat' dir='ltr'><strong>(Bened.)</strong></span> 
     </span>
    </p>

    <p class='ocr_par' dir='ltr' id='par_1_8' title="bbox 141 4456 1302 4601">
     <span class='ocr_line' id='line_1_42' title="bbox 190 4456 1302 4528; baseline 0.006 -20"><span class='ocrx_word' id='word_1_360' title='bbox 190 4456 253 4528; x_wconf 72' lang='lat' dir='ltr'><strong>Cap.</strong></span> <span class='ocrx_word' id='word_1_361' title='bbox 264 4456 310 4509; x_wconf 86' lang='lat' dir='ltr'><strong>vl.</strong></span> <span class='ocrx_word' id='word_1_362' title='bbox 322 4489 355 4497; x_wconf 95' lang='lat'>-</span> <span class='ocrx_word' id='word_1_363' title='bbox 370 4457 391 4508; x_wconf 93' lang='lat' dir='ltr'><strong>l.</strong></span> <span class='ocrx_word' id='word_1_364' title='bbox 403 4457 491 4509; x_wconf 77' lang='lat' dir='ltr'><strong>Editio</strong></span> <span class='ocrx_word' id='word_1_365' title='bbox 504 4456 622 4507; x_wconf 76' lang='lat' dir='ltr'><strong>Erasini:</strong></span> <span class='ocrx_word' id='word_1_366' title='bbox 635 4474 742 4527; x_wconf 86' lang='lat' dir='ltr'><strong>corpora</strong></span> <span class='ocrx_word' id='word_1_367' title='bbox 754 4474 813 4510; x_wconf 90' lang='lat' dir='ltr'><strong>cum</strong></span> <span class='ocrx_word' id='word_1_368' title='bbox 825 4458 883 4510; x_wconf 92' lang='lat' dir='ltr'><strong>aliis</strong></span> <span class='ocrx_word' id='word_1_369' title='bbox 896 4458 979 4511; x_wconf 74' lang='lat' dir='ltr'><strong>aereis</strong></span> <span class='ocrx_word' id='word_1_370' title='bbox 991 4460 1128 4513; x_wconf 88' lang='lat' dir='ltr'><strong>animabus</strong></span> <span class='ocrx_word' id='word_1_371' title='bbox 1139 4461 1227 4514; x_wconf 90' lang='lat' dir='ltr'><strong>dicunt</strong></span> <span class='ocrx_word' id='word_1_372' title='bbox 1239 4462 1302 4527; x_wconf 81' lang='lat' dir='ltr'><strong>fiori,</strong></span> 
     </span>
     <span class='ocr_line' id='line_1_43' title="bbox 141 4525 1302 4601; baseline 0.004 -22"><span class='ocrx_word' id='word_1_373' title='bbox 141 4540 186 4597; x_wconf 80' lang='lat' dir='ltr'><strong>per</strong></span> <span class='ocrx_word' id='word_1_374' title='bbox 197 4542 264 4596; x_wconf 76' lang='lat' dir='ltr'><strong>quas</strong></span> <span class='ocrx_word' id='word_1_375' title='bbox 280 4530 388 4597; x_wconf 85' lang='lat' dir='ltr'><strong>peccata</strong></span> <span class='ocrx_word' id='word_1_376' title='bbox 404 4526 431 4576; x_wconf 92' lang='lat' dir='ltr'><strong>in</strong></span> <span class='ocrx_word' id='word_1_377' title='bbox 450 4525 599 4593; x_wconf 87' lang='lat' dir='ltr'><strong>corporibus</strong></span> <span class='ocrx_word' id='word_1_378' title='bbox 616 4528 820 4579; x_wconf 88' lang='lat' dir='ltr'><strong>committuntur.</strong></span> <span class='ocrx_word' id='word_1_379' title='bbox 853 4525 920 4578; x_wconf 88' lang='lat' dir='ltr'><strong>Nanr</strong></span> <span class='ocrx_word' id='word_1_380' title='bbox 937 4528 995 4580; x_wconf 90' lang='lat' dir='ltr'><strong>illas</strong></span> <span class='ocrx_word' id='word_1_381' title='bbox 1013 4530 1114 4582; x_wconf 90' lang='lat' dir='ltr'><strong>animas</strong></span> <span class='ocrx_word' id='word_1_382' title='bbox 1132 4547 1198 4601; x_wconf 88' lang='lat' dir='ltr'><strong>quae</strong></span> <span class='ocrx_word' id='word_1_383' title='bbox 1215 4548 1248 4583; x_wconf 81' lang='lat' dir='ltr'><strong>ex</strong></span> <span class='ocrx_word' id='word_1_384' title='bbox 1261 4532 1302 4585; x_wconf 89' lang='lat' dir='ltr'><strong>dei</strong></span> 
     </span>
    </p>
   </div>
   <div class='ocr_carea' id='block_1_3' title="bbox 170 4592 1303 4735">
    <p class='ocr_par' dir='ltr' id='par_1_9' title="bbox 170 4592 1303 4735">
     <span class='ocr_line' id='line_1_44' title="bbox 171 4592 1303 4653; baseline 0.004 -5"><span class='ocrx_word' id='word_1_385' title='bbox 171 4593 284 4648; x_wconf 80' lang='lat' dir='ltr'><strong>coedent</strong></span> <span class='ocrx_word' id='word_1_386' title='bbox 298 4594 446 4647; x_wconf 86' lang='lat' dir='ltr'><strong>substantia</strong></span> <span class='ocrx_word' id='word_1_387' title='bbox 461 4593 555 4645; x_wconf 78' lang='lat' dir='ltr'><strong>reverti</strong></span> <span class='ocrx_word' id='word_1_388' title='bbox 572 4592 604 4645; x_wconf 90' lang='lat' dir='ltr'><strong>ad</strong></span> <span class='ocrx_word' id='word_1_389' title='bbox 621 4593 698 4647; x_wconf 89' lang='lat' dir='ltr'><strong>doum</strong></span> <span class='ocrx_word' id='word_1_390' title='bbox 715 4595 905 4648; x_wconf 86' lang='lat' dir='ltr'><strong>immaculatas.</strong></span> <span class='ocrx_word' id='word_1_391' title='bbox 940 4596 1066 4651; x_wconf 88' lang='lat' dir='ltr'><strong>Dicuntur</strong></span> <span class='ocrx_word' id='word_1_392' title='bbox 1083 4608 1140 4653; x_wconf 86' lang='lat' dir='ltr'><strong>cett.</strong></span> <span class='ocrx_word' id='word_1_393' title='bbox 1158 4599 1253 4652; x_wconf 62' lang='grc' dir='ltr'><strong>Ιιοειιιη</strong></span> <span class='ocrx_word' id='word_1_394' title='bbox 1273 4620 1303 4653; x_wconf 76' lang='lat' dir='ltr'><strong>ex</strong></span> 
     </span>
     <span class='ocr_line' id='line_1_45' title="bbox 170 4660 968 4735; baseline 0.001 -19"><span class='ocrx_word' id='word_1_395' title='bbox 170 4661 215 4716; x_wconf 70' lang='lat'><strong>88.</strong></span> <span class='ocrx_word' id='word_1_396' title='bbox 227 4664 413 4733; x_wconf 71' lang='lat' dir='ltr'><strong>exemplaribus</strong></span> <span class='ocrx_word' id='word_1_397' title='bbox 424 4663 634 4730; x_wconf 74' lang='lat' dir='ltr'><strong>redintegrarent</strong></span> <span class='ocrx_word' id='word_1_398' title='bbox 645 4660 824 4715; x_wconf 82' lang='lat' dir='ltr'><strong>Louona&#39;enses.</strong></span> <span class='ocrx_word' id='word_1_399' title='bbox 850 4662 968 4735; x_wconf 87' lang='lat' dir='ltr'><strong>(Bened.)</strong></span> 
     </span>
    </p>
   </div>
   <div class='ocr_carea' id='block_1_4' title="bbox 0 0 1528 5124">
    <p class='ocr_par' dir='ltr' id='par_1_10' title="bbox 0 0 1528 5124">
     <span class='ocr_line' id='line_1_46' title="bbox 0 0 1528 5124; baseline 0 0"><span class='ocrx_word' id='word_1_400' title='bbox 0 0 1528 5124; x_wconf 95' lang='lat' dir='ltr'><strong> </strong></span> 
     </span>
    </p>
   </div>
  </div>
 </body>
</html>
