3046 5124
590 379 800 436 ‘rarrrrrro
1246 406 1286 454 ῃ

129 518 287 603 λεγομένου
303 514 508 602 upuppae,
530 521 625 586 rubro
647 521 752 586 colore
773 522 932 605 appiaco),
953 539 1035 603 quae
1056 523 1168 588 eadem
1191 524 1287 589 etiam

128 633 162 698 in
184 632 274 697 codd.
290 647 366 696 mss.
382 630 626 696 Vratislaviensi
654 636 688 696 et
713 630 875 710 Parisino,
907 632 1081 713 eodemque
1109 631 1219 698 ordine
1239 632 1287 698 in-

130 744 220 807 serta
236 741 393 823 leguntur.
437 741 499 805 Sex
516 741 644 806 ultimas
660 740 795 822 paginas
812 741 950 822 complet
960 741 1132 822 Nicephori
1147 743 1288 825 episcopi

130 850 474 932 Constantinopolitani
496 851 771 933 Chronographia,
794 851 834 916 ab
856 852 967 916 eadem
989 869 1099 932 manu,
1131 852 1178 917 uti
1199 853 1287 919 vide·

130 964 196 1040 tur,
218 978 410 1042 quamquam
429 966 608 1027 atramento
630 960 724 1026 hodie
745 961 842 1042 paulo
863 962 966 1042 magis
985 960 1192 1043 flavescente,
1214 974 1301 1029 con·'

132 1070 252 1151 scripta
270 1088 352 1150 quae
374 1072 517 1136 exaravit
537 1071 677 1153 reliquas
700 1071 817 1136 codicis
839 1077 958 1152 partes.
1000 1072 1113 1152 Neque
1135 1073 1208 1154 ipsa
1221 1091 1287 1138 ma·

131 1199 192 1245 nus
214 1181 383 1245 correctrix
404 1181 438 1245 in
461 1181 588 1263 scriptis
610 1181 781 1263 Epiphanii
810 1181 932 1262 passim
961 1181 1054 1246 obvia
1076 1200 1096 1246 a
1117 1182 1221 1263 prima
1241 1182 1314 1254 vi„

131 1290 226 1355 detur
240 1289 341 1355 fuisse
359 1291 494 1357 diversa.
530 1291 677 1356 Ceterum
698 1292 836 1372 priorem
854 1291 971 1356 codicis
985 1291 1130 1357 lenensis
1152 1297 1286 1373 partem,

132 1417 196 1482 qua
223 1419 295 1465 eum
322 1420 406 1466 nunc
433 1403 655 1467 detruncatum
681 1419 755 1467 esse
786 1400 946 1482 dolemus,
975 1402 1008 1465 in
1037 1402 1167 1483 regione
1196 1403 1288 1467 Basi-
1315 1393 1339 1497 ἱ,

130 1509 214 1575 leam
240 1511 481 1577 circumjacente
506 1510 645 1578 fortasse
675 1511 779 1576 adhuc
806 1511 907 1577 latere
934 1511 1061 1577 memini
1093 1531 1143 1576 me
1173 1511 1288 1579 alicubi

132 1620 328 1701 adscriptum
345 1621 473 1704 legisse.

215 1733 338 1797 Eadem
358 1731 454 1813 plane
475 1749 558 1813 quae
580 1732 679 1796 codex
700 1732 859 1812 lenensis,
881 1733 1056 1815 eodemque
1073 1733 1193 1814 ordine,
1214 1751 1288 1799 con·

132 1842 212 1908 tinet
240 1841 337 1907 etiam
365 1841 465 1907 codex
491 1841 769 1922 Vratislaviensis,
799 1842 1009 1908 bibliothecae
1036 1844 1288 1926 Rhedigeranae,

133 1953 187 2035 qui
206 1952 330 2034 integer
352 1956 498 2017 servatus
520 1956 578 2016 est.
623 1951 767 2032 Scriptus
795 1953 906 2018 estin
934 1954 1184 2020 membranaceis
1206 1952 1291 2019 foliis

131 2061 312 2144 purissimis
334 2062 454 2128 formae
475 2062 632 2126 maximae
647 2080 743 2127 manu
763 2063 901 2143 eleganti
919 2070 952 2144 et
967 2063 1107 2144 erudita,
1130 2064 1291 2128 characte-

132 2171 221 2236 ribus
244 2173 416 2237 admodum
438 2171 583 2251 minutis,
605 2171 727 2252 seculo,
750 2173 797 2237 uti
819 2173 954 2252 conicio,
976 2173 1097 2237 decimo
1121 2174 1230 2254 quinto
1244 2174 1292 2239 in-

134 2287 238 2347 eunte.
281 2282 374 2346 Hunc
401 2281 542 2347 codicem
568 2281 688 2346 indicia
713 2282 870 2362 quaedam
891 2281 986 2346 fidem
1008 2280 1129 2346 iaciunt
1151 2301 1190 2346 ex
1210 2282 1291 2347 libro

133 2391 263 2457 lenensi
293 2390 487 2472 descriptum
516 2409 604 2471 esse,
635 2391 771 2471 primum
794 2391 879 2472 quod
900 2391 1087 2472 plerumque
1109 2409 1179 2456 curn
1201 2397 1292 2457 vetu-

136 2499 227 2564 stiori
247 2499 302 2563 illo
324 2500 501 2581 conspirat,
524 2517 656 2581 cumque
677 2500 797 2565 librarii
820 2501 902 2565 oculi
923 2519 961 2565 ac
981 2519 1095 2566 manus
1111 2501 1199 2566 baud
1218 2520 1292 2568 raro

134 2608 236 2692 (locos
259 2609 314 2674 ubi
334 2609 368 2675 id
388 2608 508 2676 factum
536 2610 580 2674 sit
600 2628 710 2675 omnes
739 2610 925 2692 singillatim
947 2616 1059 2677 notare
1082 2631 1199 2693 operae
1220 2631 1292 2694 pre·

133 2719 212 2784 tium
234 2739 297 2784 non
320 2737 393 2784 esse
413 2720 516 2785 visum
540 2723 603 2804 est)
626 2719 827 2802 peccaverint
847 2721 879 2784 in
897 2721 1081 2786 omittendis
1100 2721 1177 2786 totis
1195 2740 1293 2788 enun-

133 2830 222 2895 tiatis
244 2848 327 2913 quae
354 2830 505 2912 legrmtur
531 2831 565 2896 in
586 2831 666 2899 libro
695 2831 852 2911 lenensi„
868 2849 1025 2912 nusquam
1054 2837 1163 2897 tamen
1189 2832 1293 2913 ipsius

133 2958 195 3022 ope
217 2958 326 3004 carrun
349 2940 535 3005 lacunarum
563 2941 630 3006 ulla
657 2940 762 3023 potuit
789 2940 908 3021 expleri
931 2940 1045 3021 quibus
1075 2940 1129 3006 ille
1157 2941 1292 3023 laborat,

134 3049 250 3117 deinde
271 3049 357 3131 quod
379 3050 486 3116 omnia
506 3050 602 3132 plane
630 3050 743 3115 eadem
771 3050 881 3116 insunt
903 3068 985 3130 quae
1012 3050 1045 3114 in
1067 3051 1208 3132 lenensi,
1240 3071 1294 3117 ec.

135 3162 270 3243 demque
292 3160 418 3239 ordine,
445 3148 585 3241 et'quod
606 3161 732 3242 utrique
754 3160 852 3226 etiam
872 3160 994 3241 pariter
1016 3160 1197 3243 subscripta
1219 3179 1292 3227 con·

134 3271 268 3355 spicitur
288 3271 369 3335 haec
390 3270 547 3336 clausula:
586 3270 673 3344 Τέκος
693 3275 746 3349 τῆς
769 3260 826 3332 ὦδε
847 3271 961 3348 βίβλου.
1007 3267 1088 3345 Δόξα
1111 3291 1157 3334 σοι
1179 3267 1197 3334 o‘
1218 3269 1292 3346 θεὸς

133 3375 220 3460 ἡμῶν
241 3375 314 3454 δόξα
336 3399 398 3454 σοι,
427 3379 579 3462 denique,
599 3380 634 3445 id
654 3380 739 3462 quod
761 3380 984 3461 gravissimum
1007 3386 1072 3462 est,
1094 3383 1179 3464 quod
1201 3401 1293 3451 voca-

133 3491 210 3558 brda
230 3490 518 3573 vocabulorumque
539 3489 716 3571 particulae
737 3490 810 3555 libri
831 3491 872 3556 de
894 3490 1092 3558 Ponderibus
1116 3498 1148 3558 et
1164 3494 1293 3560 Mensu-

133 3601 179 3665 ris
201 3620 283 3683 quae
304 3601 338 3666 in
360 3601 469 3666 codice
489 3601 618 3666 lenensi
639 3601 704 3666 situ
726 3608 822 3682 atque
849 3602 944 3667 tineis
972 3620 1069 3667 exesa
1096 3603 1293 3682 interierunt,

135 3711 248 3775 eadem
267 3711 340 3794 ipsa
369 3713 498 3793 inquam
527 3710 683 3777 vocabula
710 3716 743 3776 et
771 3711 914 3793 syllabae
942 3712 982 3777 ab
1008 3731 1046 3778 eo
1074 3714 1129 3796 qui
1154 3715 1295 3779 codicem

134 3819 417 3888 Vratislaviensem
439 3822 568 3905 scripsit
594 3840 657 3887 non
681 3826 756 3887 sunt
778 3803 938 3903 expressa
981 3822 1041 3888 Cui
1060 3830 1168 3889 tamen
1190 3823 1295 3905 suspi-

135 3930 219 3997 cioni
239 3949 280 3995 ne
296 3931 422 3998 incaute
438 3952 498 3999 nos
514 3923 731 4014 mancipemus
749 3933 880 3998 obstant
894 3934 957 3999 loci
973 3953 1105 3999 numero
1121 3951 1185 3998 non
1200 3934 1295 4015 pauci

134 4043 249 4126 quibus
271 4041 486 4124 Rhedigerani
516 4049 549 4109 et
577 4043 723 4109 lenensis
753 4043 930 4125 scripturae
962 4044 1163 4122 discordant,
1196 4043 1295 4110 veluti

134 4173 208 4237 pag.
226 4152 298 4218 621.
318 4152 366 4217 ed.
387 4152 511 4235 Petau,
534 4154 588 4219 ubi
603 4153 669 4219 len.
690 4150 837 4232 πλάσματι
851 4157 921 4231 τῆς,
944 4153 1078 4234 Rhedig.
1096 4149 1216 4233 κλάσμα
1232 4159 1294 4234 τῆς,

133 4282 208 4348 pag.
227 4263 314 4344 622„
344 4261 400 4327 ubi
418 4263 483 4329 len.
502 4261 692 4344 floccifactus
699 4311 708 4340 ,
737 4263 871 4345 Rhedig.
893 4257 1099 4342 κοσμήματος,
1121 4283 1194 4346 pag.
1212 4267 1293 4347 623,

134 4373 274 4441 ubilan
290 4368 373 4454 nepo}
390 4377 462 4448 τοῦ,
490 4374 624 4457 Rhedig.
646 4370 696 4438 διὰ
717 4380 787 4449 τοῦ,
817 4393 890 4455 pag.
908 4374 996 4454 651„
1024 4373 1079 4438 ubi
1098 4374 1163 4440 Ien.
1186 4370 1295 4451 φάσκει

133 4483 240 4565 λέγων,
277 4484 411 4568 Rhedig.
434 4477 561 4561 φάσκων
584 4484 675 4569 λέγει,
707 4504 781 4568 pag.
807 4484 895 4564 680,
923 4483 979 4549 ubi
1003 4484 1069 4551 len.
1092 4480 1294 4563 δεσμεύουσιν,

133 4593 267 4679 Rhedig.
282 4594 457 4676 deopor'rcrv,
479 4612 553 4682 pag.
570 4596 657 4682 699.,
679 4596 734 4664 ubi
756 4597 821 4663 Ien.
844 4589 903 4660 dud
919 4598 972 4680 τῆς
987 4591 1137 4681 κατάρας,
1158 4596 1292 4685 Rhedig.
