3046 5124
543 355 876 403 humillimum
1246 361 1287 429 39

189 513 254 582 Alii
266 521 372 581 autem
392 515 433 580 eb
446 515 524 583 Iuda
542 512 712 582 traditus·
730 518 935 582 instituerunt
954 515 1124 599 haeresim,
1144 513 1285 581 dicentes
1303 531 1457 584 cnr-um·

126 619 243 684 bonum
258 639 336 703 opus
351 619 462 683 fecisse
476 618 586 685 Iudam
600 618 683 703 quod
702 617 866 684 tradiderit
884 618 1080 684 salvotorem.
1113 619 1173 685 Hie
1189 621 1284 704 enim,

126 725 282 806 inquiunt,
293 722 386 787 nobis
398 723 498 787 omnis
510 722 659 787 scientiae
671 721 786 786 honae
799 727 905 786 auctu
916 723 1031 803 extitit,
1042 738 1202 806 perquem
1213 743 1285 788 oee-

126 825 217 891 lestie
230 824 323 890 uobis
336 826 486 907 mysterio
499 824 699 889 manifestate
713 830 795 888 sunt.
828 823 1004 889 Virtutibus
1019 825 1138 897 etenim
1150 827 1185 890 in
1200 825 1285 891 ceelo

126 927 305 994 nolentibus
320 927 406 1013 ¹pati
419 925 580 991 Christum
586 937 609 1008 ⁰,
624 932 657 990 et
669 925 841 992 scientibus
855 926 939 1012 quod
954 929 981 991 si
996 927 1223 1012 fueritpassus,
1236 930 1284 995 vi·

127 1038 191 1097 tam
204 1030 385 1096 hominibus
400 1029 570 1095 donaturus
585 1031 642 1111 sit,
669 1029 728 1094 hoo
744 1032 864 1112 sciens,
884 1031 1003 1114 iuquit,
1022 1028 1134 1110 Iudas,
1154 1029 1238 1114 quod
1257 1033 1286 1096 si

126 1135 221 1201 fuerit
242 1152 354 1218 passus
379 1132 537 1214 Christus,
557 1130 690 1199 salutem
710 1131 890 1198 hominibus
913 1132 1063 1199 allaturus
1086 1137 1186 1214 esset,
1211 1131 1285 1198 hino

125 1236 256 1302 tradidit
270 1235 462 1301 salvatorem.
491 1235 556 1300 Hoc
572 1240 677 1300 eutem
690 1235 808 1300 malum
823 1235 1010 1301 adsertionis
1024 1237 1139 1320 impiae
1155 1234 1284 1320 quibus·

126 1339 200 1405 dem
218 1342 308 1404 venis
327 1344 359 1403 et
375 1337 560 1403 vecordibus
581 1341 670 1422 quasi
692 1337 859 1402 uerisImile
884 1337 1007 1405 videtur
1027 1358 1096 1404 esse
1116 1337 1285 1420 interdum,

127 1464 198 1507 cum
212 1443 301 1505 sitin
315 1440 459 1506 omnibus
474 1442 663 1506 centrarium
678 1446 710 1505 et
728 1440 917 1523 execrabile,
938 1461 1009 1506 cum
1023 1440 1176 1526 propheta
1195 1438 1286 1508 2euru

126 1543 247 1609 David‘¹
267 1549 339 1608 ente
359 1549 391 1607 et
412 1544 555 1608 dominus
576 1543 728 1608 salvator⁰
750 1543 959 1626 damnaverit,
984 1549 1016 1608 et
1035 1542 1120 1607 beati
1134 1541 1287 1627 epostolif

127 1649 314 1711 sententiam
329 1646 448 1711 domini
463 1646 611 1710 adversus
628 1651 700 1710 euni
714 1647 966 1711 confirmaverint
981 1645 1157 1711 edocentes.
1392 1714 1397 1723 ,

188 1750 264 1815 Post
277 1752 374 1814 istum
389 1749 596 1835 ¹Carpoeras²
610 1751 736 1814 nomine
751 1752 901 1831 surrexit,
923 1755 955 1814 et
975 1751 1042 1834 ipse
1063 1747 1171 1813 dicens
1185 1767 1285 1813 unum
1303 1760 1353 1813 Car·
1367 1732 1448 1823 Q

125 1853 350 1937 principiumb,
372 1851 410 1915 de
426 1870 485 1935 quo
501 1854 671 1936 principio,
693 1851 726 1916 id
748 1857 797 1916 cst
818 1850 856 1930 do
878 1850 952 1933 deo,
972 1851 1162 1936 prolationes
1182 1851 1283 1915 facee

125 1955 208 2019 ²sint
233 1953 411 2038 angelorum
439 1959 531 2038 etque
553 1957 718 2020 virtutum:
746 1974 824 2039 quae
845 1961 949 2018 autem
968 1955 1099 2019 virtutes
1120 1953 1284 2018 ³deorsum

192 2123 254 2194 Cep.
266 2123 390 2177 XXXIV.
403 2128 430 2174 iu
442 2123 497 2175 otc.
511 2126 660 2192 trancriptum
672 2123 748 2177 tabet
757 2123 889 2177 Hennaeis
901 2141 934 2176 an
947 2123 993 2190 (ne
1004 2123 1038 2192 t.)
1051 2139 1114 2176 wne
1127 2138 1284 2176 munereris.

125 2223 158 2230 —
177 2193 199 2244 1.
211 2193 295 2262 inquit
325 2193 362 2244 ati
373 2192 407 2244 Α.
418 2191 455 2253 ,2.
473 2207 532 2243 eum
544 2210 589 2244 em.
603 2191 684 2244 Bato.

191 2259 254 2329 Cep.
346 2261 377 2314 V.
388 2264 416 2311 in
428 2259 509 2310 Babc.
520 2263 670 2329 inscriptum
682 2261 759 2312 tabet
768 2258 932 2314 Csurocnss.
944 2288 977 2298 —
991 2258 1012 2311 l.
1025 2257 1131 2328 quidem
1144 2257 1285 2329 carpocras

124 2330 146 2382 t.
170 2329 194 2382 2.
207 2334 267 2382 sunt
279 2330 312 2380 Α.
335 2328 359 2381 3.
371 2328 491 2382 deorsum
503 2346 525 2379 c.
538 2327 643 2382 deorum
654 2330 752 2397 reliqui.

124 2501 201 2554 strius
213 2499 283 2569 quod
294 2497 521 2569 prophetashosoe
538 2516 571 2552 ex
588 2502 681 2555 virtute
733 2498 802 2568 quod
817 2498 850 2551 ed
865 2499 1008 2568 imaginem
1022 2498 1066 2552 dei
1080 2504 1169 2551 essent
1179 2497 1285 2564 conditi,

123 2571 169 2622 illa
180 2575 255 2622 natos
269 2566 386 2621 Gnostici
397 2568 555 2620 lactaverint.
590 2570 647 2634 (F.)
731 2568 778 2620 sed
787 2566 866 2620 etiam
875 2567 944 2637 quod
954 2569 1110 2620 salvatorem
1118 2566 1182 2620 deus
1190 2567 1284 2621 missu·

152 2655 173 2691 s.
185 2636 350 2705 evangelium
359 2636 589 2690 consummationis
617 2635 680 2702 „Et-
730 2653 775 2689 rus
786 2636 952 2706 peccantibus
963 2635 1063 2701 subest,
1074 2641 1104 2688 ut
1115 2635 1203 2689 docuit
1213 2635 1275 2688 B.D

124 2705 240 2826 «poet
258 2703 421 2764 tiresiae
442 2704 534 2776 epiph.
599 2705 643 2760 vs
656 2706 680 2759 s.
729 2704 860 2826 πωπω
876 2705 1033 2759 evocem
1044 2703 1192 2774 germanice
1209 2676 1285 2759 ectri

124 2781 138 2840 (
161 2775 230 2839 atr.)
780 2790 853 2826 ersus
863 2773 1000 2827 Danielem
1009 2772 1194 2827 Hartnaccium
1205 2790 1231 2842 p.
1245 2773 1284 2826 19.

158 2842 221 2913 Cep.
231 2841 358 2897 mlv.
375 2873 408 2882 -
423 2857 447 2895 e.
465 2842 499 2895 eb
515 2841 580 2896 Iuda
600 2842 678 2896 tradi
729 2858 783 2912 seq.
809 2841 907 2896 Eadem
924 2842 1053 2895 sententia
1072 2841 1171 2911 placuit
1188 2843 1285 2895 recenti

124 2912 189 2981 tore]
207 2911 322 2964 Iudeitas
339 2926 372 2980 ep
391 2911 453 2992 ellat
468 2910 678 2992 Pseudo-Hiero-
716 2916 814 2991 aetate
824 2910 906 2964 Psulo
916 2909 1043 2991 Sherlogo
1055 2908 1284 2990 iuliioptraAnti·

123 2978 599 3130 restistebtlditgtt
611 2979 678 3102 lli:
728 2976 1285 3127 lluhmdshibidliilliffhfdmmllll

122 3118 228 3171 lastrius
248 3120 337 3170 noster
355 3117 446 3169 tribuit
465 3113 594 3169 Cerintho.
626 3117 679 3170 Alii
728 3117 781 3169 elic
792 3119 1090 3171 arcenamremeutum
1098 3120 1284 3170 mcematroms

125 3186 230 3239 Caianis
243 3185 274 3238 de
303 3184 381 3237 uibus
393 3200 449 3254 cap.
461 3184 486 3237 2.
502 3184 541 3237 De
552 3186 678 3238 recentio·
727 3183 844 3238 futurum
855 3184 1008 3238 rescivisset.
1043 3183 1101 3248 (F.)

123 3255 195 3308 ribus
207 3253 276 3306 idem
286 3201 405 3307 delirium
413 3268 471 3306 rece
493 3253 611 3306 uentibus
620 3253 678 3307 vide
762 3252 787 3305 d.
822 3251 930 3323 rophete
943 3251 1036 3321 David]
1054 3249 1282 3306 redimet.

123 3324 230 3377 silubet
241 3321 433 3391 B.D.lttigium
446 3321 477 3374 de
509 3321 677 3375 ceresierehis
729 3270 830 3375 emb.
864 3326 878 3385 (
901 3326 921 3386 .)

122 3391 288 3462 Apostolicce
308 3390 402 3445 asteds
422 3389 483 3442 dise.
496 3389 520 3442 2.
557 3389 634 3442 .115.
652 3396 679 3444 et
762 3405 784 3442 e.
802 3389 1062 3510 dominussalratorp
1081 3389 1281 3446 rituuxxvi.

123 3459 158 3540 lc.
173 3459 312 3513 Henrienm
333 3457 433 3512 Ottium
452 3458 518 3513 llist.
577 3459 677 3529 abapti·
729 3457 770 3511 24.
784 3456 934 3540 lthVII.
949 3458 988 3542 12ζ
1022 3463 1036 3523 (
1060 3463 1080 3523 .)

123 3526 327 3649 εῂΐθεξῖἕιιθὲὲο
343 3527 443 3678 bbdae]
473 3594 580 3649 Consilii
597 3595 677 3649 divini
727 3525 1283 3677 hreppppeoppffilp'ffilluffiffii

125 3663 157 3716 de
173 3669 263 3717 nostre
278 3677 326 3734 per
341 3663 437 3718 Christi
453 3669 564 3718 mortem
580 3666 675 3721 seluto:
727 3665 796 3718 male
807 3665 944 3718 excuderet.
979 3664 1036 3730 (F.)

125 3730 239 3795 cuisoli,
255 3748 309 3785 uon
324 3732 502 3786 autemludee
519 3733 607 3786 reterri
618 3749 676 3803 gra·
762 3731 1038 3803 Cap.XXXV.-e.C
1087 3731 1169 3801 ceras]
1182 3730 1281 3800 Καρπο-

125 3800 175 3852 ties
193 3815 210 3851 a
225 3800 313 3865 nohis,
336 3818 421 3871 neque
441 3802 613 3872 proditionem
629 3818 676 3872 pro
728 3802 786 3872 κρᾶς
798 3802 877 3855 etiem
885 3801 1029 3924 Epiphanio
1092 3799 1155 3864 VII,
1167 3799 1281 3853 sedsliis

124 3883 204 3922 causa
221 3867 311 3921 saluus
328 3875 432 3923 nomae
453 3869 548 3925 habere
568 3876 677 3940 oportet,
727 3870 887 3936 ntlrenaeo,
925 3870 1028 3934 usehio,
1044 3867 1179 3922 Timotheo
1194 3868 1280 3936 presb.

142 3953 206 3990 uum
227 3935 315 3989 divine
330 3939 469 4008 sapientia,
489 3939 530 3992 oui
550 3939 677 3993 malitiam
727 3938 887 3994 Theodoreto
912 3939 1090 4009 Carpocrates.
1134 3935 1280 3990 Sectatorea

123 3955 203 4060 ludas
218 4005 246 4058 in
262 4004 361 4057 bonum
376 4006 455 4080 finem
472 4006 606 4060 deflectere
640 4009 677 4061 le·
726 4007 871 4089 Epiphanio
883 4003 1070 4078 Καρποκρᾶσιοι,
1083 4004 1182 4058 aliisut
1190 4006 1232 4057 Au
1252 4022 1280 4060 u-

124 4075 186 4139 ouit,
199 4074 257 4126 aliis
270 4073 348 4153 etium
359 4075 443 4127 modis
455 4077 588 4130 consulere
600 4024 677 4130 sabuti
728 4082 796 4130 steno
809 4093 830 4130 c.
843 4076 867 4130 7.
879 4082 905 4129 et
916 4071 1151 4155 eidemEpiphanio
1257 4074 1279 4128 1.

123 4149 228 4197 nocuae
247 4146 383 4212 potuisset
410 4141 541 4198 Praeclare
564 4143 631 4197 hanc
650 4145 678 4197 in
729 4145 941 4214 Carpocratem,
961 4142 1066 4195 Nicetes
1087 4141 1125 4195 Co
1157 4147 1279 4201 errorent.

124 4211 280 4265 senentiam
302 4209 329 4263 S.
347 4208 545 4279 Chrysostomus
569 4211 677 4266 homilia
727 4209 1135 4334 BDeCarpooraterdoFridlle
1240 4210 1280 4264 itii

123 4279 257 4334 LXXXII.
278 4279 306 4332 in
324 4277 487 4333 Matthaeum
512 4298 538 4351 p.
555 4280 630 4347 854„
652 4288 678 4335 et
751 4282 834 4335 issert
851 4281 883 4334 de
898 4279 1005 4333 Haeresi
1021 4277 1279 4350 Carpocratienorum

124 4348 231 4402 homilia
241 4346 388 4401 LXXXIV.
399 4364 425 4416 p.
437 4345 494 4400 875.
528 4350 585 4414 (F.)
727 4349 833 4402 Witteb.
851 4347 924 4401 1712.
952 4347 1096 4418 Epistulam
1109 4349 1278 4419 posteriorem

135 4415 677 4472 o.Virtutibnsetenimiueaelonolentibus
727 4417 795 4472 Petri
805 4413 1066 4487 etEplstolequdae
1074 4415 1278 4541 Carpocratianis

123 4485 178 4554 peti
184 4483 323 4554 Christum]
341 4485 500 4554 Angelorum
510 4485 612 4555 lapsum
622 4488 678 4541 sive
728 4485 873 4566 oppositam
890 4501 947 4538 esse
963 4485 1108 4557 suspicatur

201 4559 257 4607 tem
268 4554 349 4624 aliqui
358 4558 474 4606 veterum
484 4552 546 4608 olim
554 4560 680 4625 putarunt
727 4552 859 4609 trusedv.
870 4553 895 4607 4.
904 4553 928 4607 7.
936 4552 972 4635 8.]
1007 4553 1063 4618 (F.)

123 4568 205 4678 m
215 4622 339 4678 inuidiam
350 4623 378 4678 iu
389 4620 518 4688 homines,
533 4638 588 4679 non
600 4623 678 4679 modo
755 4623 781 4676 b.
798 4638 880 4678 unum
889 4622 1053 4696 principium]
1073 4622 1152 4690 ,biles
1167 4618 1218 4677 ἄνω
1234 4618 1276 4694 ἆρ-

1146 4502 1199 4557 ugo
1213 4484 1277 4541 Cro·
