3046 5124
279 267 341 333 256
744 264 973 306 amonemur

278 421 482 487 Mauritaniae
498 422 601 505 eoepit
614 417 696 484 olim.
728 419 794 484 Hos
809 421 916 484 miseri
931 420 1114 487 Donatistae
1129 424 1240 505 postea
1254 421 1359 486 seenti
1371 438 1439 485 ece·

279 529 394 608 parunt
407 543 441 586 sc
456 524 571 586 montis
586 523 768 607 praecipitio
785 525 873 606 quasi
888 524 984 587 futuri
998 528 1150 606 martyres
1170 522 1315 606 tradere,
1333 526 1370 586 ut
1389 525 1441 606 qui

279 628 376 689 vitam
391 633 549 689 aeternam
565 624 736 689 catholicae
748 625 821 689 fidei
831 625 1062 708 derelinquunt,
1076 623 1271 690 ¹biothanati
1283 630 1440 690 aeternam

278 734 410 793 mortem
424 730 595 791 inveniant.
619 727 734 793 Contra
747 727 805 792 hos
821 727 953 813 Optatus
968 727 1083 811 legitur
1096 730 1207 811 egisse.

132 859 182 912 cap.
195 860 260 900 nxn.
342 828 1081 913 Sexagesimasecundahaeresisnseitarnmest.
1103 830 1439 915 Ascitaeergoabutre

278 932 482 1018 appellantur.
511 929 612 1007 'Acade
627 934 712 995 euim
728 934 843 998 Graeco
858 939 927 997 uter
943 931 1065 997 dicitur.
1093 933 1150 997 Isti
1164 953 1238 998 curn
1252 935 1287 1009 in
1302 934 1439 999 trinitate

276 1035 356 1099 nihil
363 1035 438 1099 mali
445 1034 591 1115 habeant,
604 1040 706 1100 utrem
712 1040 818 1100 tamen
825 1037 985 1118 ingentem
996 1035 1189 1100 iuxtaaltare
1196 1041 1439 1122 ponuntumque

277 1158 409 1202 vacnum
423 1137 534 1201 inflant
548 1142 580 1200 et
590 1137 825 1202 linteaminibus
839 1137 946 1201 velant
956 1143 988 1200 et
1002 1137 1142 1221 adorant,
1156 1138 1250 1223 ¹quia
1264 1138 1439 1203 conlectum

278 1242 395 1336 cruoris
412 1240 531 1304 domini
545 1239 590 1304 ibi
605 1240 773 1321 adiiciunt,
792 1239 870 1303 illud
891 1240 1030 1304 dicentes
1051 1240 1283 1324 evangelicum,
1303 1239 1440 1306 ²Va'aam

276 1365 390 1407 novum
404 1345 438 1405 in
453 1353 536 1406 utrae
550 1364 646 1407 novoe
661 1343 830 1423 adiiciunt,
850 1353 880 1406 et
894 1353 1028 1427 utroque
1043 1355 1278 1408 coacervantur.

118 1465 168 1518 cap.
182 1466 259 1507 nxur.
341 1444 1153 1528 SexagesimatertiahaeresisestPassaloryuchitae.
1177 1444 1309 1528 Omnes,
1317 1443 1438 1530 quando

277 1547 318 1611 ad
332 1546 498 1611 ecclesiam
512 1568 600 1611 snam
617 1549 822 1628 conveniunt,
842 1553 929 1612 tanto
945 1546 1069 1612 silentio
1084 1546 1228 1630 student,
1247 1553 1284 1611 ut
1303 1552 1336 1611 et
1355 1549 1437 1612 nari·

277 1649 335 1713 bus
351 1657 383 1713 et
397 1648 489 1714 labiis
510 1652 575 1714 suis
596 1649 728 1732 digitum
744 1648 919 1735 adponant,
939 1671 980 1714 ne
1000 1650 1051 1715 vel
1069 1651 1171 1735 ipsam
1190 1652 1437 1715 taciturnitatem

276 1751 401 1816 flatibus
416 1751 552 1815 laedant.
590 1751 652 1815 Cur
666 1757 770 1816 autem
785 1773 841 1836 per
854 1751 962 1839 palum
982 1752 1113 1836 digitum
1127 1752 1305 1835 significare
1319 1751 1437 1817 malue-

276 1856 349 1936 rint,
364 1876 383 1917 a
398 1854 511 1938 quibus
526 1854 584 1918 hoc
596 1875 710 1920 nomen
724 1857 931 1940 compositum
942 1862 1001 1939 est,
1015 1856 1132 1937 nescio,
1147 1874 1220 1919 cum
1232 1856 1352 1922 Graeco
1363 1851 1437 1919 πάσ·

275 1959 365 2031 σαλος
381 1956 470 2041 palus
486 1956 622 2038 dicatur,
643 1963 675 2020 et
693 1957 808 2039 digitus
825 1946 988 2040 δάκτυλος,
1008 1964 1039 2021 et
1057 1955 1163 2047 ῥύγχος
1182 1977 1290 2022 nasus.
1327 1956 1436 2023 Melius

275 2064 380 2123 antem
393 2058 472 2122 mihi
490 2058 629 2141 videtur,
649 2062 676 2122 si
695 2058 991 2143 Dactylorynchitae
1010 2061 1195 2125 vocitentur.
1231 2059 1360 2126 Invenit
1378 2059 1436 2125 sibi

214 2236 217 2245 Ι
276 2160 416 2226 diabolus
430 2162 464 2225 in
479 2161 546 2245 lege
560 2162 610 2226 dei
622 2183 699 2246 quos
710 2162 828 2226 faceret
839 2162 1041 2246 Pythagoras,
1055 2161 1133 2227 illud
1145 2161 1351 2228 observantes
1361 2182 1435 2249 apo·

274 2264 360 2329 stoli:
376 2263 498 2330 ¹Orobo
510 2267 635 2350 apertae,
651 2263 749 2329 orabo
759 2275 913 2330 manente:
921 2266 1082 2351 peolmem
1092 2267 1197 2330 dicem
1206 2267 1336 2351 optritae,
1345 2265 1434 2351 psal·

273 2389 358 2431 aanor
372 2368 476 2432 dicam
490 2379 519 2431 et
531 2377 639 2431 mente.
675 2367 798 2431 Dceent
818 2387 889 2450 ergo
910 2368 1052 2433 hemines
1071 2368 1154 2432 sorae
1174 2365 1342 2432 ecelesiam
1363 2364 1434 2452 quid

274 2469 380 2534 dicant
393 2472 426 2533 in
442 2469 586 2533 cordibus
602 2471 666 2533 suis
681 2472 765 2533 intra
779 2469 943 2534 ecelesiam
954 2472 1057 2556 positi.
1081 2471 1176 2548 Quasi
1186 2489 1252 2533 nen
1262 2468 1433 2556 idemapo·

274 2572 371 2638 stolus
388 2572 518 2653 dixerit,
536 2570 658 2636 ²Corde
679 2574 818 2637 creditor
837 2573 882 2637 ad
894 2575 1061 2655 tortitiam,
1081 2594 1135 2638 ore
1155 2583 1260 2636 aetem
1280 2572 1433 2659 consertio

265 2676 308 2757 fit
321 2677 365 2739 od
377 2676 516 2739 aetatem.
539 2674 662 2738 Vanum
679 2674 747 2739 dieo
763 2695 818 2759 ego
834 2696 905 2739 eum
920 2674 1059 2740 laborem
1070 2677 1206 2761 arripere
1223 2676 1278 2759 qni
1289 2674 1434 2759 dignatur

273 2777 387 2842 talibus
403 2777 619 2863 respondendo
630 2782 754 2862 tempus
766 2797 959 2861 consumere,
973 2779 1151 2862 iustumque
1162 2775 1267 2843 indice
1278 2784 1317 2843 ut
1326 2784 1432 2845 taccu

273 2886 321 2943 tes
336 2880 467 2944 tacendo
483 2882 653 2944 vincamus.

119 2999 255 3051 canaria.
336 2982 537 3066 sexagesima
557 2987 666 3066 quarta
685 2982 824 3050 haeresis
838 2984 1061 3069 Aquariorum,
1081 2984 1135 3068 qni
1155 3002 1195 3047 ex
1209 2982 1269 3048 hec
1284 2982 1432 3071 appellati

274 3091 348 3148 sunt
365 3086 495 3169 Aquarii
515 3086 598 3170 quod
618 3107 731 3170 aquarn
750 3088 883 3152 efferunt
902 3089 936 3151 in
955 3086 1066 3172 poculo
1082 3087 1279 3151 sacramenti.
1317 3086 1434 3153 Dicunt

273 3189 358 3250 enim
370 3190 479 3250 vinum
494 3189 653 3253 ebrietatis
668 3210 736 3253 esse
752 3211 828 3272 rem,
842 3210 898 3276 per
912 3209 1006 3273 quam
1020 3188 1191 3253 homicidia
1204 3193 1238 3252 et
1250 3187 1433 3255 fornicatio·

272 3310 328 3353 nes
345 3296 377 3353 et
392 3296 495 3354 cetera
510 3290 628 3354 seelera
642 3298 877 3376 perpetrantur,
897 3312 968 3357 eum
987 3296 1110 3356 eonstct
1128 3292 1234 3357 emnia
1248 3292 1434 3358 excedentia

272 3392 399 3458 modum
414 3395 532 3456 crimen
547 3393 648 3456 facere
664 3401 697 3457 et
709 3395 821 3458 vitium
834 3415 1007 3480 procreare.
1044 3394 1115 3459 Non
1133 3412 1205 3477 erge
1225 3395 1294 3458 vini
1308 3393 1434 3477 haustu,

273 3495 328 3561 sed
347 3497 508 3559 nimietate
529 3498 659 3559 crimina
679 3499 924 3561 committuntur.
962 3496 1043 3575 Quid
1062 3502 1111 3560 est
1129 3498 1215 3561 enim
1233 3497 1321 3580 quod
1339 3500 1434 3565 nimis

271 3605 431 3687 sumptum
444 3619 508 3663 non
524 3597 647 3682 eulpam
661 3597 819 3662 incurrat?
839 3599 970 3665 Bibatur
989 3601 1085 3664 nimis
1104 3619 1200 3683 aqua,
1218 3599 1390 3668 videamus
1407 3602 1434 3667 ai

271 3723 334 3766 non
349 3701 464 3783 laedat,
480 3701 660 3765 comedatur
675 3704 770 3766 nimis
779 3705 890 3790 panis,
910 3703 1072 3767 videamus
1087 3703 1115 3767 si
1129 3721 1193 3767 nen
1209 3703 1374 3789 crapulam
1387 3703 1433 3770 la·

272 3807 344 3868 ciat.
382 3804 543 3889 Optimum
557 3823 629 3888 ergo
645 3807 678 3867 in
693 3804 786 3869 rebus
802 3804 947 3870 omnibns
962 3804 1088 3869 modum
1104 3809 1249 3870 tenentem
1264 3808 1363 3872 etiarn
1376 3805 1434 3873 hoa

271 3907 585 3989 anathematizamus,
604 3928 659 3971 eur
679 3928 820 3973 cruorem
839 3907 956 3972 Christi
974 3929 994 3970 a
1008 3908 1094 3972 fonte
1109 3913 1292 3993 separantes
1307 3912 1433 3995 praeiu-

272 4010 352 4074 dicio
376 4012 597 4075 fornicatorum
620 4017 652 4075 et
672 4009 899 4076 homicidarum
920 4009 1060 4094 regulam
1082 4031 1102 4074 a
1120 4009 1247 4077 Christo
1269 4011 1434 4079 fundatam

270 4112 418 4177 audacter
433 4114 630 4196 ¹infringant.

304 4265 366 4333 Gap
379 4264 492 4317 LXL—
507 4266 527 4317 l
540 4263 683 4318 viothanati
696 4268 752 4318 edd.
764 4265 839 4319 δι’,νηι
855 4265 978 4319 Gallaad.

302 4332 363 4402 Cap.
376 4332 509 4386 LXIl—
528 4334 548 4386 l.
567 4335 687 4386 Fortasse
703 4335 891 4386 rescribendum
907 4343 945 4385 eat
976 4335 1034 4386 uasl
1052 4333 1197 4388 confertum
1212 4342 1269 4399 ecta,
1284 4341 1383 4391 nean
1396 4340 1434 4393 οὐ

268 4420 332 4469 quae
343 4404 548 4523 aeprItnrrer
551 4421 573 4452 aa
584 4403 619 4454 1b1
631 4403 761 4455 aduerunt
819 4402 843 4455 ⁴2.
860 4403 916 4454 Ma
916 4401 953 4454 th
1010 4403 1076 4467 ,lu

303 4468 357 4540 Cap
438 4469 460 4520 ΙΙ
528 4469 1008 4536 1M100rinth.xlv‚15.2..ltom
1020 4471 1055 4524 X.
1069 4471 1108 4524 10.

303 4538 363 4607 Gap.
376 4537 708 4607 Lxlv.-11nfnngunt
717 4539 774 4591 Ms
783 4511 854 4607 hluq.
