3046 5124
299 353 361 417 260
763 350 990 393 summram

298 509 376 571 torio
401 506 580 571 inchoatam
605 503 774 571 ¹Philastro
801 507 959 571 scribente
982 508 1179 597 invenimus,
1205 507 1248 573 Hi
1272 506 1316 573 ad
1341 512 1455 573 tantm

297 611 469 674 vamtatem
489 607 626 674 devoluti
647 615 736 691 sunt,
761 615 797 673 ut
818 608 926 675 dicant
945 630 1054 674 omnes
1074 609 1249 674 haereticos
1269 615 1357 675 recte
1379 610 1456 696 apud

298 711 391 777 deum
406 713 562 793 incedere,
578 712 722 797 quiahoc
738 713 771 777 in
787 733 895 777 eorum
909 712 1068 778 mentibus
1084 711 1192 777 datum
1207 718 1271 777 est:
1292 715 1340 777 sic
1356 712 1457 777 colunt

297 815 391 879 deum
410 817 492 879 sicut
510 820 651 900 possunt.
687 814 780 880 Error
800 835 907 880 eorum
926 816 1018 881 nobis
1040 813 1165 879 videtur
1184 815 1456 901 reprehensibilis;

295 919 380 1005 apud
399 918 492 982 deum
511 923 616 981 autem
635 906 693 981 nec
709 938 794 981 error
809 924 929 982 estnec
944 920 1141 1003 vituperatio.
1177 918 1220 983 Hi
1233 917 1294 983 hoc
1310 917 1457 987 docentur

296 1023 394 1085 esuis
411 1020 601 1102 doctoribus,
621 1025 656 1083 ut
675 1026 799 1104 practer
813 1020 932 1105 templa
947 1026 979 1084 et
993 1040 1175 1104 synagogas,
1194 1020 1390 1106 ubicumque
1410 1024 1456 1086 in·

295 1130 423 1188 vocatur
438 1123 579 1188 Christus
594 1128 686 1186 natus
702 1142 740 1186 ex
754 1124 885 1205 virgine,
899 1125 1057 1188 introeant
1071 1129 1104 1188 et
1112 1125 1285 1210 participes
1296 1145 1333 1189 se
1343 1124 1457 1190 faciant

294 1227 529 1291 haereticorum.

118 1351 277 1402 caanxxnr.
358 1315 594 1415 Septuagesima
609 1333 641 1391 et
654 1330 748 1391 tertia
761 1327 900 1392 haeresis
916 1334 964 1392 est
979 1327 1255 1413 Theoponitarum.
1290 1329 1335 1395 Hi
1350 1329 1457 1395 dicunt

294 1435 328 1497 in
348 1433 485 1512 Christo,
507 1431 581 1495 dum
599 1435 773 1515 pateretur,
800 1430 997 1495 divinitatem
1022 1433 1067 1495 sic
1090 1431 1225 1496 doluisse
1250 1434 1336 1497 siout
1356 1437 1458 1519 potest

295 1535 399 1600 doloro
416 1537 521 1598 anima
536 1533 610 1597 dum
626 1554 736 1617 corpus
753 1532 914 1618 suppliciis
929 1535 1039 1615 agitur.
1076 1534 1122 1599 De
1138 1533 1252 1618 quibus
1273 1537 1320 1599 eit
1342 1535 1454 1617 Grego-

295 1640 358 1702 rius
375 1641 555 1723 episcopus:
570 1634 715 1698 infelices
731 1642 763 1698 et
774 1637 881 1699 miseri
892 1656 955 1700 non
972 1636 1081 1700 v-ident
1094 1638 1127 1701 in
1139 1636 1316 1719 arboribus,
1332 1637 1454 1722 quando

295 1743 375 1804 forro
388 1739 570 1818 caeduntur,
583 1738 680 1802 solem
693 1740 819 1821 quidem
830 1758 899 1802 esse
911 1741 944 1801 in
955 1738 1132 1804 arboribus:
1145 1739 1299 1823 numquid
1311 1739 1454 1807 ¹omnino

295 1842 380 1908 dolet
394 1842 468 1906 solis
484 1840 641 1925 splendor,
656 1860 750 1923 quem
771 1843 889 1924 utique,
909 1847 1077 1925 antequam
1091 1840 1131 1905 ad
1145 1841 1267 1924 lignum
1280 1845 1455 1928 perveniat,

294 1949 429 2032 priorem
443 1947 523 2008 ictus
538 1945 612 2007 ferri
628 1940 799 2025 contingit?
820 1943 905 2007 Deus
922 1963 992 2026 ergo
1007 1941 1061 2007 lux
1076 1949 1134 2025 est,
1149 1948 1181 2008 et
1195 1945 1352 2027 quomodo
1368 1945 1454 2011 caedi

293 2054 397 2134 potest
411 2044 486 2111 lux?
518 2046 599 2110 Nam
615 2045 698 2129 quod
712 2047 817 2109 anima
831 2047 873 2109 sit
887 2066 966 2129 quae
982 2045 1087 2110 doleat
1099 2048 1134 2111 in
1148 2067 1289 2132 corpore,
1308 2047 1385 2114 bino
1399 2048 1452 2115 sd·

294 2153 459 2230 vertimus,
482 2148 564 2232 quod
586 2147 751 2212 recedente
773 2149 878 2211 anima
898 2147 936 2212 de
960 2168 1087 2234 corpore
1109 2148 1195 2213 nulla
1214 2155 1322 2235 potest
1344 2172 1453 2237 corpus

294 2256 420 2336 sentire,
435 2274 493 2317 nec
510 2251 713 2317 adversanos
728 2271 885 2336 prospera.
922 2251 959 2314 In
980 2270 1106 2336 corpore
1126 2271 1197 2334 ergo
1214 2251 1336 2318 domini
1356 2256 1453 2320 nostri

293 2359 364 2422 lesu
379 2356 494 2421 Christi
509 2356 614 2418 anima
628 2353 831 2417 humanitatis
847 2355 960 2435 sensit,
981 2374 1073 2437 quam
1094 2375 1165 2418 oum
1180 2375 1311 2440 corpore
1326 2355 1452 2423 adsum

292 2463 366 2546 psit,
380 2479 443 2523 non
458 2459 524 2541 ipso
541 2459 594 2541 qui
608 2456 794 2540 adsumpsit,
805 2458 886 2521 sicut
899 2476 957 2520 nec
973 2455 1030 2537 sol,
1045 2458 1099 2540 qui
1112 2458 1146 2520 in
1156 2457 1268 2523 arbore
1280 2478 1377 2542 quam
1386 2480 1451 2525 me·

292 2582 449 2627 moremus
464 2559 585 2624 inluxit.
622 2558 753 2623 Etiamsi
775 2557 850 2624 solis
868 2557 923 2621 lux
937 2560 971 2622 in
990 2558 1100 2624 arbore
1114 2561 1249 2644 possita
1267 2561 1451 2627 verberante

294 2664 431 2745 concidi,
451 2665 484 2726 in
496 2663 618 2725 Christo
635 2660 783 2725 divinitas
799 2681 861 2725 non
875 2663 1009 2745 possita
1028 2663 1185 2727 cruciante
1208 2665 1360 2748 contingi,
1382 2668 1452 2751 quis

293 2769 367 2834 solis
387 2767 441 2831 lux
460 2770 600 2829 creatura
619 2770 683 2844 est,
708 2762 759 2826 hic
779 2768 886 2827 autem
905 2768 1024 2827 creator
1044 2766 1221 2847 agnoscitur
1243 2771 1277 2831 et
1293 2766 1450 2852 probatur.

292 2872 373 2935 Nam
388 2869 471 2953 quod
482 2869 587 2931 anima
601 2865 805 2930 humanitatis
825 2867 959 2930 senserit
972 2868 1152 2950 passionem
1164 2870 1232 2951 ipse
1248 2866 1396 2937 dominns
1409 2874 1452 2939 sit

293 2974 333 3037 ad
349 2970 517 3056 discipulos
533 2990 616 3051 suos,
632 2968 755 3050 dicens,
775 2966 912 3035 ²Ta’seis
931 2980 976 3033 est
989 2972 1097 3034 ocimo
1114 2992 1184 3034 roeo
1197 2992 1298 3058 usqua
1312 2974 1359 3039 ad
1369 2997 1451 3041 mor·

292 3088 360 3141 tera.
395 3075 435 3139 Et
448 3073 521 3137 hinc
537 3073 653 3136 dixisse
669 3072 812 3135 sufficiat.
848 3069 1042 3136 Accedamus
1057 3071 1097 3136 ad
1111 3071 1257 3157 reliquos.

118 3197 172 3247 cna.
182 3196 275 3239 curva
356 3177 624 3262 Septusgesimam
639 3181 671 3237 et
685 3179 827 3258 quartam
841 3171 996 3238 haeresim
1016 3174 1223 3239 ¹Triscelidae
1242 3178 1452 3263 incurrerunt,

292 3282 346 3365 qui
360 3280 533 3342 triformem
548 3277 640 3340 deum
654 3279 699 3339 ita
713 3276 878 3360 adserunt,
898 3283 934 3340 ut
953 3277 1106 3360 quaedam
1120 3299 1193 3365 pars
1207 3280 1277 3345 eins
1296 3283 1342 3347 sit
1354 3290 1453 3368 pater,

293 3383 445 3468 quaedam
465 3379 563 3459 filius,
584 3378 735 3463 quaedam
755 3381 884 3464 spiritus
904 3386 1047 3462 sanctus,
1068 3387 1101 3445 et
1119 3381 1193 3447 hinc
1212 3383 1255 3447 sit
1273 3385 1402 3451 trinitas
1420 3388 1453 3451 in

292 3488 422 3550 unitate.
458 3482 504 3547 De
525 3481 636 3565 quibus
659 3483 703 3543 ait
724 3482 903 3563 Gregorius:
928 3482 1072 3547 Infelices
1093 3490 1125 3548 et
1142 3486 1252 3549 miseri
1265 3506 1332 3551 non
1346 3486 1453 3553 vident

293 3591 366 3673 quia
379 3592 477 3652 totam
491 3587 592 3670 ipsam
605 3584 777 3648 trinitatem
792 3583 1019 3669 blasphemant.
1047 3586 1076 3650 N
1078 3608 1119 3651 on
1133 3593 1181 3651 est
1196 3588 1283 3653 enim
1297 3589 1378 3655 deus
1392 3591 1454 3657 nisi

293 3695 345 3777 qui
359 3695 394 3755 in
407 3691 511 3773 seipso
525 3688 681 3772 perfectus
697 3691 753 3748 cst.
788 3686 950 3751 Perfectus
970 3707 1042 3771 ergo
1061 3694 1151 3775 pater
1169 3691 1347 3776 perfectum
1365 3712 1406 3759 ex
1420 3714 1453 3759 se

292 3796 398 3878 genuit
418 3791 528 3872 filium,
549 3789 704 3874 perfectus
724 3808 762 3850 ex
781 3794 868 3872 patre
887 3789 1028 3874 procedit
1049 3792 1177 3876 spiritus
1196 3800 1337 3859 sanctus.
1372 3794 1453 3861 lices

292 3897 352 3961 tria
365 3895 504 3982 perfecta
518 3913 582 3956 non
596 3890 714 3954 faciunt
727 3895 791 3954 tres
807 3890 897 3974 deos,
912 3892 968 3958 sed
983 3914 1090 3975 unum,
1111 3894 1185 3979 quia
1198 3916 1263 3961 una
1276 3902 1327 3962 est
1340 3896 1452 3965 deins.

291 4000 362 4067 Non
377 4000 461 4063 enim
475 3996 556 4060 sicut
571 3999 644 4059 sunt
657 3999 720 4057 tres
735 4014 898 4078 personae,
912 3997 956 4059 sic
972 4001 1035 4060 tres
1052 3995 1194 4080 deitates,
1215 3998 1273 4064 sed
1287 4005 1365 4065 sunt
1376 4007 1452 4085 tros,

293 4108 380 4187 pater
395 4107 427 4164 et
440 4100 522 4164 tilius
535 4104 567 4161 et
581 4096 706 4183 spiritus
723 4102 860 4178 sanctus,
874 4097 930 4161 sed
945 4118 1007 4162 una
1018 4099 1129 4178 deitas,
1138 4120 1203 4166 una
1212 4103 1376 4189 maiestas,
1390 4125 1454 4171 une

292 4207 401 4287 virtus,
415 4223 478 4267 una
491 4202 635 4267 voluntas
651 4206 757 4263 etune
771 4199 946 4264 substantia
961 4202 1145 4268 confitenda

344 4356 406 4425 Cap.
417 4352 524 4407 LXXII.
537 4383 570 4393 -
589 4353 609 4404 l.
622 4353 700 4403 Iamo
712 4353 860 4419 Auqostiac.
887 4352 927 4421 Cf.
940 4371 1021 4425 supro
1033 4372 1091 4427 cap.
1109 4354 1150 4410 52.
1167 4362 1262 4428 areop.
1273 4354 1317 4413 57.
1332 4359 1379 4413 sto·
1393 4364 1451 4415 itan

295 4425 449 4477 Plataearum
479 4442 506 4475 ro
518 4423 658 4490 Aepustino
670 4425 767 4474 citavit.

345 4490 439 4562 Caph
506 4489 537 4544 Il.
554 4520 587 4530 -
609 4488 631 4541 1.
643 4489 774 4542 cmninoe
791 4509 813 4542 o.
829 4505 883 4542 non
895 4492 951 4544 edd.
962 4490 1041 4547 Sira.
1055 4494 1137 4557 Gau,
1154 4496 1365 4551 consentientibus
1379 4496 1451 4553 aaa

296 4562 436 4614 nucea
449 4559 529 4611 rora
580 4508 816 4623 commta
827 4557 869 4612 es.

345 4628 407 4698 cap.
418 4625 536 4681 nxxrv.
550 4656 581 4667 -
595 4624 778 4680 lunaelunae
790 4628 848 4701 aaa
858 4626 935 4683 scm
949 4590 1071 4685 caua
