3046 5124
600 272 687 315 amma
698 272 809 315 remus.
1220 273 1282 341 255

125 430 199 515 quia
212 449 426 514 quoscumque
441 427 600 514 simplices
619 431 814 511 invenerint,
837 431 880 492 ita
902 447 955 493 eos
977 428 1096 493 iaciunt
1116 430 1232 493 sentire
1252 432 1284 493 et

125 530 264 598 credere.
299 532 368 597 Hoc
383 531 485 597 scelus
499 530 590 595 valde
605 533 767 596 inimicum
782 530 891 595 salutis
906 536 1031 595 nostrae
1045 533 1090 593 ita
1104 528 1283 594 adstruunt:

122 634 204 719 Ergo
220 633 299 701 deus
313 632 384 699 illas
405 632 512 699 sordes
532 634 643 698 habuit
663 636 832 713 sustinere,
852 653 929 716 quas
949 632 1100 697 naturahs
1120 635 1283 717 conceptio

123 743 234 823 partus
249 742 282 800 et
295 738 445 822 parientis
460 734 592 820 infligit?
613 736 782 819 habuitque
803 736 853 800 dei
872 735 955 799 filius
975 735 1090 800 habere
1109 734 1213 798 alvum
1229 734 1283 799 de·

123 845 213 924 gesta
227 860 286 904 sua
299 838 488 921 abluentem,
503 839 664 903 humorem
680 839 718 902 de
733 838 871 918 naribus,
886 837 1016 901 salivam
1030 857 1069 900 ex
1084 857 1147 918 ore,
1161 835 1285 901 sordem

123 941 159 1007 in
173 962 262 1023 aure,
276 943 309 1006 in
323 947 434 1005 ventre
450 948 596 1022 stercora,
612 946 754 1026 putorem
769 943 803 1004 in
818 937 1035 1004 exhalatione?
1051 938 1145 1003 ethis
1160 938 1285 1019 similia,

123 1062 206 1129 quae
220 1045 346 1108 insania
359 1045 474 1107 mentis
489 1045 653 1126 excogitat.
676 1043 733 1106 His
745 1042 954 1106 Tertullianus
966 1041 1166 1106 vehementer
1178 1061 1284 1106 occur-

123 1147 181 1229 rit,
201 1144 372 1211 ostendens
388 1145 439 1209 dei
454 1144 552 1209 lilium
566 1143 794 1229 impassibilem
815 1165 901 1226 esse,
921 1150 953 1208 et
971 1147 1033 1208 ista
1052 1144 1208 1209 divinitati
1222 1164 1285 1207 non

123 1249 285 1330 iniuriam,
300 1247 357 1312 sed
370 1247 494 1311 laudem
505 1246 635 1311 adierre.
658 1246 747 1311 Sicut
758 1267 822 1327 rex,
837 1248 890 1329 qui
901 1245 1009 1310 volens
1020 1246 1148 1310 anulum
1159 1265 1286 1309 aureum

126 1370 201 1416 cum
215 1370 339 1433 gemma
353 1350 392 1415 de
408 1349 513 1413 cloaca
534 1349 654 1430 levare,
672 1349 775 1412 induit
794 1369 827 1412 se
848 1349 996 1413 servilem
1014 1351 1169 1430 tunicam,
1190 1355 1221 1411 et
1240 1350 1285 1411 sic

125 1451 293 1519 descendit
306 1452 347 1518 ad
363 1451 515 1533 cloacam,
534 1457 570 1514 ut
589 1458 758 1515 stercoreas
777 1453 907 1515 iniurias
929 1452 1036 1515 tunica
1056 1451 1112 1514 illa
1126 1451 1285 1534 suscipiat,

125 1560 160 1620 et
171 1557 304 1620 mittens
322 1574 451 1619 manum
470 1560 502 1617 et
521 1553 649 1617 anulum
671 1574 800 1617 aureum
822 1573 892 1617 cum
911 1573 1035 1635 gemma
1053 1555 1187 1638 eripiens
1207 1572 1287 1636 aqua

125 1656 244 1738 abluit,
259 1663 292 1721 et
306 1657 401 1740 digito
417 1678 474 1720 suo
490 1655 586 1738 regali
600 1656 718 1737 induit,
734 1662 936 1741 posteaquam
950 1655 1024 1719 inde
1039 1655 1228 1720 ascenderit:
1243 1657 1287 1718 ita

126 1757 238 1846 procul
250 1758 344 1824 dubio
360 1759 411 1823 dei
425 1758 508 1822 filius
523 1758 655 1822 formam
669 1760 752 1822 servi
767 1760 941 1842 suscipiens
956 1760 1043 1822 venit
1053 1779 1116 1823 non
1132 1758 1233 1823 solum
1247 1756 1287 1821 ad

125 1861 245 1927 inferos
260 1861 427 1942 caelorum,
441 1860 494 1924 ubi
503 1881 560 1923 nos
572 1880 690 1941 sumus,
705 1863 758 1943 qui
772 1861 915 1924 videmur
928 1861 1032 1925 vivere
1047 1863 1079 1924 in
1091 1861 1219 1943 mundo,
1232 1859 1288 1925 sed

126 1966 226 2029 etiam
247 1963 288 2028 ad
309 1964 426 2028 inferos
450 1963 628 2042 inferiores,
655 1964 708 2045 qui
732 1968 819 2026 tanto
842 1984 861 2025 a
882 1962 973 2027 nobis
995 1968 1069 2026 sunt
1093 1962 1288 2047 profundius,

128 2072 247 2152 quanto
262 2087 319 2130 nos
334 2086 442 2129 sumus
458 2065 553 2144 caelo,
569 2073 600 2128 et
613 2071 649 2128 ut
663 2064 736 2128 inde
752 2065 921 2128 humanum
935 2085 1032 2146 genus
1048 2067 1196 2150 eriperet,
1211 2086 1287 2128 cun-

129 2176 252 2235 ctarum
268 2167 422 2248 sordium,
442 2188 505 2232 non
521 2187 663 2247 suarum,
684 2167 739 2230 sed
754 2172 946 2247 nostrarum,
965 2173 1013 2230 est
1027 2167 1201 2250 squalorem
1216 2188 1287 2251 per-

127 2292 251 2359 pessus.
273 2270 333 2335 Pro
348 2269 527 2334 viventibus
547 2272 591 2333 sic
612 2270 690 2332 uixit
709 2270 791 2332 sicut
805 2289 861 2332 nos
878 2269 932 2352 qui
945 2271 1095 2350 vivimus,
1110 2269 1189 2333 nihil
1203 2269 1288 2333 aliud

129 2374 254 2441 &tane
273 2375 337 2436 nisi
355 2371 414 2437 hoc
439 2371 521 2455 quod
541 2370 773 2435 immaculatam
788 2373 886 2434 vitam
900 2374 1052 2452 exercuit,
1072 2371 1191 2436 habens
1205 2373 1289 2435 intra

129 2476 283 2542 sedeam:
297 2496 353 2560 pro
365 2477 495 2538 mortuis
511 2477 557 2537 sic
571 2480 723 2556 mortuus,
738 2473 816 2538 nihil
832 2473 952 2537 distans
968 2476 1028 2537 nisi
1043 2473 1113 2555 hoc,
1128 2474 1210 2557 qued
1225 2481 1288 2538 ter·

128 2581 176 2643 tia
193 2578 245 2644 die
267 2578 438 2642 resurrexit
457 2599 476 2639 a
494 2579 640 2658 mortuis,
661 2583 693 2639 et
713 2576 795 2659 quod
814 2582 978 2661 propterea
997 2579 1042 2640 sie
1059 2576 1234 2657 descendit,
1254 2583 1289 2640 ut

130 2686 258 2747 sanctos
272 2680 345 2745 iude
366 2685 488 2743 erueret
510 2686 541 2742 et
560 2681 670 2744 mortis
691 2681 866 2763 principem
886 2680 1039 2761 religaret.
1078 2679 1165 2756 Quod
1185 2687 1289 2742 autem

129 2783 260 2849 anulum
276 2803 405 2847 aureum
420 2803 491 2845 cum
505 2802 628 2864 gemma
641 2785 761 2867 posuit,
781 2782 840 2846 hoc
860 2784 893 2845 in
909 2785 1050 2865 sequenti
1066 2781 1198 2847 lectione
1214 2782 1288 2846 edo·

132 2889 212 2968 cuit,
232 2883 316 2968 quod
335 2884 462 2948 anulum
483 2905 594 2968 corpus
614 2887 767 2969 posuerit,
786 2905 941 2966 gemmam
959 2905 1031 2948 vero
1052 2884 1206 2949 inclusam
1220 2906 1289 2950 esse

130 2988 270 3053 animam
285 2987 462 3051 declaravit.
499 2988 589 3051 Hunc
609 3008 680 3069 ergo
701 2986 829 3050 anulum
851 2987 889 3050 de
905 2987 1092 3051 stercoribus
1107 2990 1244 3072 antiquis
1259 2994 1290 3051 et

131 3090 171 3156 de
187 3089 294 3155 cloaca
307 3088 400 3153 huius
414 3087 524 3152 mundi
540 3089 680 3153 Christus
697 3088 822 3153 elevans
843 3111 878 3152 ac
902 3088 1098 3174 baptismatis
1118 3091 1204 3156 unda
1218 3113 1288 3176 per-

130 3192 279 3273 tundens,
293 3193 333 3257 ab
349 3192 433 3256 omni
449 3191 591 3275 squalore
606 3190 753 3272 abluens,
773 3194 810 3282 in<
825 3194 891 3255 suis
910 3192 986 3256 feeit
1006 3195 1124 3258 sanctis
1143 3195 1289 3259 manibus

130 3295 264 3361 radiare.
301 3293 463 3377 Siquidem
483 3297 527 3357 ita
547 3294 673 3377 legitur:
693 3292 871 3358 ²Iaetoraoa
890 3307 993 3359 autem
1008 3299 1132 3360 acinace
1146 3298 1179 3360 io
1193 3320 1290 3361 aranu

132 3399 186 3463 dei
196 3407 287 3473 auom
308 3401 340 3459 et
353 3398 481 3460 iterum:
504 3396 607 3461 ³Pone
626 3420 673 3460 nae
687 3399 769 3461 sicat
783 3399 913 3460 coelam
926 3401 960 3462 ia
974 3421 1071 3463 mana
1086 3411 1157 3475 teca·
1173 3406 1218 3463 et:
1233 3398 1290 3463 ⁴Io

76 3572 80 3581 ,
130 3522 245 3565 maaca
260 3510 331 3562 tace
347 3501 524 3563 conterendo
538 3502 684 3584 spiritam
697 3521 815 3564 mum:
833 3506 865 3562 et
883 3502 1005 3565 infinita
1025 3509 1098 3565 sunt
1112 3501 1161 3566 his
1177 3501 1291 3565 similia

131 3606 166 3669 in
181 3602 279 3668 sacris
293 3602 447 3686 apicibus,
463 3622 540 3685 quae
556 3624 614 3667 nos
630 3622 724 3667 causa
738 3602 900 3667 brevitatis
916 3607 1096 3669 omittentes
1111 3603 1151 3668 ad
1162 3624 1290 3694 sexage-

131 3707 245 3771 simam
261 3709 293 3766 et
306 3706 438 3787 primam
453 3704 616 3769 haeresem
631 3704 823 3769 accedamus.

197 3806 430 3889 Sexagesimam
446 3813 477 3870 et
490 3810 624 3891 primam
639 3807 794 3872 haeresim
808 3809 975 3873 Patriciani
990 3809 1142 3889 fecerunt,
1156 3830 1176 3871 a
1189 3808 1290 3873 Patri·
1309 3825 1359 3875 ear·
1372 3824 1427 3866 bxi·

132 3912 181 3975 cio
196 3914 358 3974 sumentes
370 3909 541 3974 exordium.
563 3910 604 3974 Hi
616 3912 825 3976 substantiam
836 3914 938 3976 earnis
950 3910 1103 3975 humanae
1118 3911 1291 3992 aeneadae,

131 4010 190 4077 sed
203 4032 223 4075 a
237 4010 361 4076 diabolo
384 4012 543 4077 conditam
564 4014 686 4077 dicunt:
708 4034 838 4097 eamque
859 4017 903 4078 sic
925 4013 1134 4094 detestantur,
1154 4019 1189 4076 ut
1207 4014 1291 4078 hune

133 4115 241 4181 dicant
254 4133 324 4177 esse
339 4115 514 4196 perfectum
529 4118 582 4198 qui
597 4137 630 4179 se
645 4119 781 4201 potuerit
801 4122 980 4180 constanter
995 4115 1145 4178 occidere.
1181 4115 1228 4181 Ex
1241 4116 1291 4180 his

133 4224 208 4283 suut
222 4217 374 4300 aliquanti
391 4220 443 4301 qui
459 4220 553 4281 etiam
568 4226 678 4301 rogant
698 4240 750 4283 eos
772 4240 848 4303 quos
867 4219 1046 4282 invenerint
1065 4220 1187 4300 ignotos
1203 4226 1237 4283 ut
1251 4221 1290 4284 ab

133 4323 180 4386 eis
201 4318 391 4385 occidantur.
429 4320 514 4384 Haec
534 4323 657 4385 insania
677 4323 709 4386 in
729 4320 870 4406 partibus
889 4319 1053 4384 Numidiae
1074 4325 1241 4408 superioris
1260 4329 1293 4386 et

184 4539 209 4593 2.
226 4539 288 4610 Sap.
300 4538 347 4603 111,
367 4538 388 4590 l.
440 4537 463 4591 3.
476 4538 549 4594 Cant.
561 4538 627 4605 viil,
639 4541 662 4593 t.
714 4542 739 4594 4.
750 4540 837 4595 Psalm
848 4539 937 4605 XXX,
949 4539 973 4593 6.
