3046 5124
252 341 311 405 176
758 338 908 381 Paludem

251 493 353 559 dicere
369 493 513 577 dignatus
529 500 611 558 ests:
644 493 743 558 Putas
755 495 845 577 filias
862 493 1013 575 lomina,
1034 516 1106 560 eam
1123 497 1259 576 cemma,
1282 496 1413 559 iszccniet

250 599 341 672 ridens
355 621 450 682 super
463 598 600 660 terram?
624 598 702 673 Quia
717 603 749 660 et
763 604 834 660 ante
850 597 1021 682 6propheta
1032 597 1115 680 quod
1126 600 1411 682 nuntiaratinpau·

252 704 307 781 cis,
323 707 355 763 et
369 706 441 784 post
456 700 571 763 Christi
586 702 806 783 praesentiam,
822 703 1002 783 passionem
1017 706 1049 763 et
1059 703 1324 766 resurrectionem
1339 703 1413 779 eius,

251 802 450 886 divinamque
467 805 656 865 sententiam
677 802 759 885 qued
774 791 886 866 'essent
900 802 1178 886 praevaricatorib,
1198 802 1257 868 hoc
1273 806 1320 867 ita
1334 822 1413 866 nun-

222 948 225 954 ·
250 908 361 967 tiatum
376 908 427 986 sit,
443 912 478 968 ut
493 908 557 967 sint
572 904 721 967 haeretici
736 905 828 968 hodie
844 907 896 987 qui
912 927 931 967 a
945 907 1057 989 spiritu
1073 913 1181 971 sancto
1192 912 1248 970 aut
1258 928 1279 969 a
1289 906 1355 970 srlio
1366 926 1413 969 re·

250 1007 396 1070 cedentes
420 1007 575 1071 diversam
596 1009 771 1070 maiestatis
794 1014 826 1071 et
852 1010 1009 1092 potentiae
1033 1007 1250 1092 ⁷qualitatem¹
1274 1008 1411 1091 quotidie

249 1111 435 1195 praedicant·
447 1110 637 1173 aberrantes.
660 1111 696 1173 In
712 1110 770 1173 hoc
786 1130 858 1192 ergo
873 1131 931 1175 nos
947 1116 1069 1195 oportet
1079 1130 1249 1192 agnoscere
1266 1110 1351 1194 quod
1366 1111 1412 1174 lu·

249 1213 387 1293 niculus,
407 1219 443 1275 ut
457 1215 502 1275 ait
516 1211 713 1293 ⁸Solomonl,
732 1212 847 1296 triplex
861 1234 925 1276 non
941 1212 1162 1297 disrumpitur,
1182 1213 1266 1296 qued
1283 1220 1316 1277 et
1330 1213 1412 1277 credi

250 1315 343 1378 debet
357 1338 376 1377 a
390 1315 491 1395 nobis,
507 1314 589 1397 quod
605 1315 688 1378 etde
705 1314 812 1377 divina
827 1315 1003 1379 substantia
1018 1321 1050 1378 et
1060 1318 1185 1400 propria
1196 1316 1281 1380 filius
1295 1324 1328 1380 et
1342 1337 1413 1380 sun·

250 1424 317 1481 ctus
334 1421 375 1480 sit
390 1418 499 1480 itidem
514 1419 660 1500 spiritus,
677 1419 758 1502 patri
774 1420 889 1502 quippe
905 1438 1065 1482 connexus
1080 1421 1113 1481 in
1129 1419 1293 1500 omnibus,
1317 1422 1413 1502 quiet

250 1522 393 1601 cognosci
414 1519 508 1582 debet
528 1526 559 1581 et
578 1519 638 1584 ccli
653 1520 691 1582 ab
709 1520 863 1583 omnibus.
885 1521 922 1583 ln
938 1521 1082 1603 hacergo
1099 1523 1321 1587 coniunctione
1338 1522 1412 1607 bap·

249 1625 333 1685 tismi
354 1629 385 1685 et
404 1621 539 1685 salvator
554 1642 611 1685 nos
627 1622 772 1703 dignatus
788 1629 835 1686 est
851 1623 1051 1704 confirmare,
1070 1624 1258 1708 imperaus¹:
1294 1625 1412 1689 Euntcs

251 1724 406 1809 baptisate
427 1746 528 1787 micare
544 1735 648 1809 peotes
663 1727 697 1788 a'a
716 1728 839 1790 aomina
854 1728 961 1811 poemia
982 1726 1083 1807 afilia·
1100 1737 1131 1789 et
1148 1728 1282 1812 spiratus
1302 1730 1411 1791 saaca.

248 1827 284 1890 ln
306 1848 365 1909 quo
389 1829 611 1908 coniungentes
633 1826 733 1891 filium
754 1831 851 1912 patri,
874 1835 906 1890 et
927 1830 1072 1912 spiritum
1096 1849 1167 1892 cum
1187 1828 1252 1892 filio
1268 1837 1302 1893 ct
1315 1835 1412 1915 patre,

249 1929 329 1993 harre
345 1929 478 1992 salutem
498 1928 731 2010 ⁹cognescimur
746 1930 903 2014 adepturi,
924 1933 1074 2014 quianon
1094 1930 1220 1995 aliunde
1236 1931 1349 1995 salutis
1364 1952 1411 1996 re·

248 2032 402 2114 medinm,
418 2034 479 2095 nisi
495 2052 533 2094 ex
548 2031 609 2095 lide
624 2032 682 2096 hac
697 2033 833 2097 humane
848 2035 954 2113 generi
970 2036 1187 2116 cognoscimus
1203 2035 1410 2100 ¹⁰affuturam.

248 2135 338 2201 Unde
354 2142 386 2198 et
400 2138 432 2198 in
447 2136 505 2199 lrac
522 2137 740 2199 coniunctione
761 2142 888 2200 sanctae
909 2136 1147 2220 adorandaeque
1167 2139 1323 2203 trinitatis
1338 2158 1410 2221 gau·

249 2239 369 2321 demus,
383 2242 417 2301 in
432 2259 493 2322 qua
506 2245 578 2301 ante
594 2238 696 2302 Adam
716 2244 805 2322 pater
825 2245 931 2302 noster
956 2238 1037 2322 Noe,
1058 2237 1233 2323 Abraham,
1258 2241 1411 2326 ”Moyses

249 2349 280 2405 et
295 2343 479 2426 prophet-ae,
499 2341 692 2422 sacerdotes,
712 2341 831 2405 iudices
847 2348 879 2403 et
893 2341 1042 2426 apostoli,
1063 2345 1180 2427 pariter
1202 2349 1235 2407 et
1253 2344 1410 2427 evangeli-

249 2452 314 2507 stae
331 2444 601 2528 ¹²praedicantes¹¹¹
622 2449 804 2507 meruerunt
824 2447 973 2527 consequi
996 2445 1171 2527 angelicam
1196 2445 1411 2529 dignitatem¹¹,

248 2551 280 2610 in
298 2568 359 2629 qua
374 2552 405 2608 et
420 2545 552 2610 ecclesia
568 2547 720 2611 catholica
734 2545 870 2627 exultat,
886 2546 943 2610 hoe
958 2547 1146 2631 praedicans
1162 2549 1303 2630 quotidie
1319 2557 1410 2634 atque

249 2650 392 2730 edocens,
408 2650 578 2731 eademque
594 2649 674 2712 hane
696 2670 821 2712 omnem
835 2651 1029 2733 impietatem
1044 2671 1199 2733 paganam
1214 2646 1247 2714 et
1262 2655 1411 2736 iniquita-

248 2759 312 2815 tem
329 2752 485 2815 iudaicam
501 2752 665 2815 destruens
681 2751 819 2835 quotidie
836 2754 919 2815 omni
937 2751 1056 2815 exultat
1079 2754 1112 2815 in
1126 2752 1250 2835 gaudio.
1287 2754 1370 2819 Nam
1384 2762 1413 2819 et

249 2857 275 2918 si
290 2855 404 2939 triplex
419 2855 574 2919 funiculus
591 2854 684 2918 debet
699 2856 798 2938 accipi
813 2857 949 2939 primum
968 2855 1126 2936 mandati,
1147 2855 1260 2920 deinde
1282 2856 1362 2941 legis
1381 2860 1412 2923 iu

316 3007 339 3060 6,
352 3025 398 3076 pro
411 3006 477 3058 »heta
494 3007 561 3076 qued
579 3007 709 3059 nurrliarat
721 3026 773 3074 epo.
786 3023 803 3058 a
818 3005 944 3076 propheta
954 3007 1024 3076 quod
1039 3013 1101 3060 tunc
1114 3013 1169 3060 erat
1184 3010 1344 3064 Galcardss.
1356 3026 1413 3079 pre·

248 3075 398 3196 pirataque(
418 3083 479 3127 tunc
492 3082 546 3127 erat
559 3077 620 3126 libri
631 3094 719 3129 errones.
756 3075 780 3129 1,
811 3076 944 3127 ualitatem
959 3094 1011 3142 eqo.
1024 3077 1082 3128 inae
1102 3077 1237 3129 ualitatem
1250 3078 1314 3130 libri
1325 3096 1412 3132 omisa.

248 3144 461 3264 &Sapompjnde
496 3146 519 3198 9.
532 3145 715 3213 cognoscimus
728 3145 749 3198 b.
787 3143 979 3198 l.affuturum
989 3146 1012 3198 b.
1049 3145 1087 3199 11.
1126 3146 1254 3199 osesalc.
1293 3145 1413 3217 ηραν

266 3230 320 3265 icen
334 3229 361 3264 es
400 3233 425 3265 o.

280 3383 306 3433 g.
319 3367 438 3418 dominus
448 3365 530 3417 dicere
540 3366 661 3434 dignatus
671 3366 719 3435 est]
734 3366 795 3419 Luc.
846 3383 896 3446 que
907 3368 994 3419 locum
1009 3366 1156 3435 inspicienti
1168 3365 1246 3419 facile
1260 3383 1414 3437 persuasum

246 3436 340 3488 Xl'lll.
357 3434 380 3486 8.
411 3433 493 3499 ,Πλὴν
511 3431 523 3484 ὁ
542 3432 591 3492 υἱὸς
609 3439 653 3485 τοῦ
671 3434 800 3503 ἀνθρώπου
850 3435 894 3498 iri,
907 3451 966 3487 eum
979 3440 1005 3487 st
1015 3435 1093 3503 paule
1107 3440 1184 3487 antea
1198 3434 1296 3489 dixerit
1305 3454 1414 3507 „pauce-

247 3504 325 3555 ἐλθὼν
344 3500 390 3572 ἄρα
408 3501 500 3570 εὑρήσει
518 3502 596 3552 πίστιν
614 3500 800 3572 ἕπ1τῆςγῆςς”
851 3520 908 3555 rum
917 3503 1029 3573 perfecte
1039 3502 1129 3555 electio
1137 3503 1364 3575 nuntiabaturper
1371 3522 1414 3559 su·

246 3575 352 3637 (Febr.)
851 3573 940 3639 gelum
954 3570 1091 3624 affuturs.”
1116 3570 1170 3623 Nos
1187 3573 1226 3625 eis
1237 3574 1325 3625 verbis
1341 3576 1414 3627 aliter

850 3640 1038 3693 succurendum
1055 3640 1271 3694 existimavimus.
1293 3642 1334 3695 De
1344 3642 1415 3697 verbi

853 3708 1269 3778 rmrrts'nreusufrequentissimos
1288 3711 1323 3764 ud
1331 3710 1415 3765 Phila·

852 3779 944 3829 atrium
957 3778 988 3830 ef.
1001 3777 1099 3831 adsueti.
1112 3777 1145 3830 ed
1158 3794 1214 3847 cap.
1229 3780 1251 3831 l‘
1279 3818 1285 3831 .

280 3677 305 3729 h.
322 3676 487 3744 ‹lirinamque
504 3673 657 3725 seutentiam
675 3673 744 3741 quod
761 3690 801 3726 es·

246 3752 304 3798 sent
320 3742 530 3815 praevaricaturi]
558 3743 628 3794 llaec
647 3742 801 3811 epexegesis

245 3821 456 3882 osteorunrquue
472 3811 801 3864 ›successerantverborum
886 3845 904 3897 k
948 3853 959 3897 t
988 3846 1059 3897 qs,
1167 3846 1188 3899 L
1247 3847 1298 3901 add
1369 3848 1415 3905 Bc·

248 3883 388 3952 ,prrrrplreta
399 3831 471 3951 quod
479 3879 635 3933 nuntiarat.''
853 3862 1050 3967 cles'iasstgwf'
1062 3849 1237 3980 ffffflbyw
1298 3854 1361 3903 πω

281 3987 296 4036 i.
315 3984 476 4054 qualitatem]
503 3983 543 4034 lta
559 3983 652 4051 scripsi
666 3999 713 4051 pro
730 3986 802 4034 inoe-
896 3985 912 4036 l.
943 3982 1089 4102 imperans&
1117 3982 1210 4037 Msuh.
1230 3984 1355 4039 XXVIII.
1377 3986 1414 4041 19.

246 4056 398 4119 quantitatem.
429 4054 606 4121 Augurerrtum
622 4051 740 4103 videlicet
756 4067 802 4102 vo·
856 4050 1028 4119 ,Πορευθέντες
1041 4071 1076 4121 μα
1090 4050 1299 4116 medantensium
1314 4055 1346 4106 τὰ
1359 4052 1415 4121 ἔθνη

247 4122 338 4173 calado
348 4128 496 4174 accreverat
504 4120 720 4173 determinatione
729 4134 802 4188 prae·
855 4118 1009 4186 βαπτίζοντες
1027 4118 1114 4179 αὐτοὺς
1130 4117 1161 4180 εἰς
1173 4120 1203 4170 t'c
1218 4114 1300 4191 daupu
1310 4128 1356 4175 τοῦ
1369 4140 1414 4175 πα·

247 4205 351 4255 grassae
364 4191 433 4241 vocis
443 4194 597 4258 praesilius.
610 4218 643 4227 -
659 4189 744 4256 Supra
755 4203 801 4256 pro
854 4185 910 4255 spec
923 4187 962 4237 acl
975 4192 1018 4238 τοῦ
1035 4186 1088 4238 uluis
1105 4188 1145 4239 καὶ
1162 4192 1206 4239 τοῦ
1219 4186 1292 4257 ἁγίου
1309 4192 1415 4261 πνεῦμ·

248 4256 718 4326 ,Quiaetarrtepropheta”Galeardus
728 4272 802 4324 repe·
854 4254 919 4313 tos-'³
937 4253 1097 4319 l‘lrilastrius,
1109 4263 1138 4308 ut
1153 4258 1228 4321 solet,
1243 4258 1325 4312 verbs
1336 4276 1414 4329 quse·

247 4325 299 4375 suit
312 4324 392 4387 ,Quia
402 4333 427 4376 et
438 4333 498 4378 arete
510 4343 525 4377 a
537 4324 686 4394 propheta,”
698 4331 802 4376 seuien-
853 4323 912 4374 dam
930 4324 1033 4377 cruittit.
1068 4324 1125 4389 (F.)

246 4395 310 4444 tiam
321 4393 437 4444 indicans
450 4396 523 4446 aliter
533 4400 649 4446 constare
658 4411 711 4445 non
723 4408 801 4462 posse
891 4409 926 4445 m.
956 4392 1153 4462 praedicantes]
1181 4393 1281 4447 Vitiosa
1304 4396 1413 4451 lisimsl.

245 4463 296 4514 nisi
305 4460 413 4512 addatur
422 4463 586 4531 praepositio,
598 4478 673 4526 ,cum
682 4461 731 4514 hec
739 4461 801 4513 velit
847 4463 1034 4529 persedit-eules.
1074 4462 1131 4525 (F.)

244 4529 403 4593 Philostrius,
415 4536 445 4580 ut
455 4530 523 4598 qued
532 4536 594 4582 tuuc
602 4536 657 4582 erat
665 4530 691 4581 in
701 4530 799 4610 paucis,
884 4547 911 4582 n.
928 4530 1074 4584 aneclicam
1091 4530 1256 4601 dIgnitatem]
1289 4532 1378 4605 Supra
1391 4550 1413 4589 e.

246 4597 370 4653 hesitaa
385 4597 512 4668 propheta
526 4599 744 4662 nuntiatumsrt,”
760 4598 799 4652 id·
851 4597 908 4652 131.
941 4574 1000 4663 (Id.)
