3046 5124
428 332 468 374 D!
479 331 658 375 mmmm
671 332 764 374 LIBER
1119 336 1178 403 175

119 484 267 553 mouns
280 488 480 573 studiumque
495 496 527 553 et
540 492 606 555 rita
619 489 796 575 ⁸praaclara
810 492 843 553 in
858 510 1028 575 paucorum
1039 489 1178 557 hdehum

106 590 257 674 olentium
269 589 430 655 voluntate
446 592 659 657 dinosceretur
675 592 866 674 exuberans,
881 591 1004 656 dicente
1021 593 1178 676 domiuol,

106 694 156 759 es
168 692 314 774 dabitur,
333 705 364 758 et
373 695 448 779 plue
468 697 498 758 er'
511 697 698 760 adiicietur:
717 719 780 760 noa
792 695 919 761 babenti
932 707 1036 760 autera
1050 708 1080 761 ot
1094 697 1181 782 qood

106 795 277 861 'effletur'
291 793 458 881 ⁹oofertor
473 797 514 861 ab
529 820 574 862 oo.
597 798 687 874 Quod
701 797 815 863 Iudaeo
831 801 977 881 contigit,
993 805 1025 863 et
1039 799 1109 863 aliis
1125 802 1177 864 iti-

106 896 255 983 pqurqmqs·
1196 898 1246 948 ep.
1261 897 1336 982 cunr.

106 1004 134 1065 st
150 998 291 1066 haeresis
312 1021 391 1085 quae
412 1023 482 1066 cum
499 1002 586 1065 audit
600 1005 633 1066 iu
649 1003 799 1067 Zacharia
818 1004 970 1089 propheta
985 1005 1023 1069 dc
1039 1003 1177 1069 funiculo
1196 967 1256 1019 (cm
1269 965 1392 1017 mm)

106 1106 256 1185 reusorio,
278 1103 315 1167 de
337 1126 398 1188 quo
421 1111 453 1167 et
475 1104 612 1168 ¹Davicl⁸
632 1103 787 1185 edixerat,
811 1106 894 1188 quod
917 1106 1044 1189 angelus
1066 1114 1178 1171 tenens

113 1226 296 1273 mensurare
312 1207 493 1288 Ierusalem,
509 1210 655 1271 aestimat
670 1208 842 1272 secundum
856 1208 994 1273 litteram
1008 1212 1052 1273 lta
1064 1211 1179 1274 dixisse

106 1314 221 1391 turum,
241 1330 314 1375 cum
328 1331 391 1373 non
406 1309 575 1374 ierusalem
590 1313 710 1392 metiri,
729 1331 807 1393 quae
828 1312 909 1375 tradi
931 1312 1066 1376 debebat
1079 1312 1178 1376 hosti·

106 1410 160 1477 ssd
173 1411 369 1477 credentium
385 1418 478 1494 recte,
494 1420 587 1495 atque
602 1433 772 1497 paucorum
787 1415 939 1497 perfecte,
954 1413 1083 1479 ²lectio⁶
1098 1435 1179 1478 nuu-

106 1518 154 1579 tur
165 1534 224 1600 par
237 1514 384 1597 angelum
400 1516 547 1596 affutura,
563 1522 598 1578 ut
613 1516 732 1580 dictum
748 1523 811 1579 est:
826 1517 925 1581 oraret
936 1517 1069 1598 vocatu,
1079 1521 1183 1602 pauci

106 1662 114 1681 .
141 1616 341 1681 Hierusalem
356 1638 428 1700 ergo
443 1621 476 1681 in
491 1618 629 1682 funiculo
645 1621 869 1700 agrimensorio
884 1621 1134 1701 mensurabatur,
1148 1619 1181 1684 id

106 1726 204 1785 tauto
224 1719 284 1783 sub
303 1722 413 1805 paucis
433 1726 464 1783 et
485 1728 557 1804 post
576 1721 671 1784 fidem
686 1721 801 1785 Christi
823 1743 991 1806 paucorum
1012 1723 1181 1787 catholicae

106 1818 300 1905 'gignendae
315 1823 425 1887 electio
441 1823 681 1906 praedicabatur
692 1825 725 1886 in
741 1823 854 1887 seculo.
877 1825 966 1901 Quod
978 1832 1013 1888 et
1024 1825 1182 1911 apostolus

114 1922 247 2011 Oportet
259 1925 399 1991 horresce
414 1948 487 2005 eoae,
502 1937 538 1989 ot
547 1925 680 2010 probuti
688 1926 935 2010 moar'feeteator.
960 1929 1039 2004 Quia
1050 1949 1120 2010 ergo
1133 1929 1181 1992 lu·

106 2046 141 2093 ue
157 2026 386 2092 haereditarius
401 2028 518 2113 triplici
533 2028 663 2092 uirtutef
676 2049 835 2093 connexus
851 2036 920 2109 est,
928 2029 961 2092 id
976 2036 1024 2093 est
1040 2032 1136 2113 patris
1152 2037 1184 2094 et

107 2134 124 2193 t
137 2130 268 2215 spiritus
283 2133 401 2210 sancti,
415 2129 492 2194 haec
509 2133 685 2195 coniunctio
702 2150 773 2194 cum
787 2134 821 2194 in
836 2150 899 2195 una
913 2132 1083 2215 eademque
1099 2135 1181 2197 acci-

116 2230 181 2299 fide
197 2237 290 2315 atque
310 2230 511 2314 credulitate,
532 2233 731 2316 aequalitatis
753 2236 868 2319 quippe
888 2241 920 2297 et
939 2233 1083 2299 ⁴virtutis
1107 2256 1181 2299 cou-

106 2332 177 2401 ruda
190 2337 296 2399 unitas
316 2343 410 2419 atque
432 2336 564 2400 colenda
577 2335 735 2420 ⁵potentia
751 2356 822 2399 cum
837 2338 976 2401 noscitur
995 2337 1033 2400 ab
1050 2337 1183 2401 ecclesia

106 2438 182 2520 lica,
191 2458 256 2502 non
268 2440 301 2500 in
313 2437 436 2502 diversa
447 2441 620 2502 maiestatis
633 2445 686 2502 aut
698 2438 856 2520 qualitatis
869 2439 1025 2504 credenda
1035 2440 1181 2504 substau-

106 2539 293 2623 medicatur,
314 2547 350 2605 ut
365 2541 493 2625 quidam
508 2545 676 2606 aestimant
690 2541 849 2606 haeretici.
888 2543 976 2619 Quod
991 2551 1022 2607 et
1037 2543 1182 2609 dominus

106 2674 273 2749 quadrata
285 2677 307 2729 d.
358 2675 383 2729 9.
401 2675 531 2728 auferetur
543 2678 631 2744 (A)he.

106 2760 150 2817 ap.
171 2742 257 2799 CLIII.
279 2749 304 2795 iu
326 2746 383 2798 abc.
408 2749 490 2796 insen·
508 2754 557 2797 orm
578 2755 615 2797 eet
637 2745 769 2799 Hrrussrs
792 2763 827 2799 ua
848 2761 979 2800 remorso
999 2765 1132 2802 urssouro
1155 2766 1182 2803 ιιι

106 2830 153 2869 ιιι
163 2829 312 2867 retorsere.
324 2843 358 2852 —
379 2813 400 2866 l.
412 2813 476 2865 Davi
506 2812 632 2884 propheta
644 2815 735 2866 beatus
748 2814 863 2867 edixerat
872 2816 906 2869 A.
942 2815 965 2869 2.
979 2817 1069 2869 electio
1082 2838 1114 2880 c,
1128 2837 1181 2870 com

106 2886 143 2935 rr'o
153 2881 263 2934 Morum.
282 2881 335 2935 Vct.
352 2881 426 2935 Eccl.
442 2883 487 2934 Gr.
501 2892 555 2934 rone.
570 2883 625 2934 ΙΙΙ.
634 2902 662 2951 p.
675 2883 737 2935 524.
791 2883 814 2937 3.
832 2884 978 2953 gignendae
996 2887 1029 2939 Α.
1049 2886 1182 2954 gignendo

106 2954 117 3003 L
133 2950 328 3021 glgnondorum
346 2955 440 3002 corriec.
456 2952 610 3002 Galeordue.
667 2953 691 3004 4.
705 2952 821 3003 veritatirs
838 2954 872 3005 A.
924 2953 948 3006 5.
964 2954 1026 3004 Post
1036 2957 1182 3006 vocobulum

106 3019 136 3073 ln
149 3036 215 3088 quae
229 3028 365 3087 aequantur
380 3037 456 3087 osque
473 3022 595 3088 adfinem
613 3024 707 3088 cupitis
724 3024 808 3072 omur'o
825 3025 854 3072 ιἰι
869 3022 903 3073 Α.
920 3024 1106 3076 desiderantur.

106 3154 323 3224 deeutedomiuo]
346 3155 522 3210 Matthxffl.
537 3156 576 3210 12.
627 3161 718 3208 notum
742 3157 875 3221 omuibus,
900 3158 1037 3211 lectionem
1061 3177 1108 3230 pro
1133 3161 1183 3214 ele-

111 3222 155 3277 29.
173 3220 343 3311 „⁹0melqer,
357 3225 486 3289 δοθήσεται
499 3224 576 3293 αὐτῷ,
629 3225 726 3286 ctione,
744 3231 772 3276 ut
789 3227 879 3277 lectum
894 3243 941 3295 pro
959 3230 1035 3279 electo
1053 3235 1079 3280 et
1101 3232 1183 3298 leqere

106 3291 298 3356 rumbolorum!
342 3292 398 3359 (F.)
627 3310 674 3362 pro
696 3295 800 3359 elmere,
820 3295 910 3346 tritum
927 3312 984 3347 esso
1001 3298 1105 3366 optimis
1122 3299 1183 3351 scri·

106 3366 113 3413 l
141 3359 194 3413 uod
204 3360 305 3413 uidetur
316 3359 422 3432 habere]
440 3361 481 3414 Ex
490 3361 576 3414 Lucae
627 3361 754 3431 ptoribus.
772 3362 880 3415 Sueten.
898 3380 920 3415 c.
937 3364 978 3416 35.
995 3366 1105 3433 August
1126 3368 1183 3426 „Se-

106 3376 176 3484 tbd.
200 3426 261 3493 ,het
273 3426 287 3480 b
300 3428 368 3480 δοκεῖ
385 3427 456 3500 ἔχειν,
473 3428 576 3499 &philos-
628 3440 744 3481 erectorem
757 3433 898 3499 ‹rffluerrrem
912 3451 1036 3484 currerem
1044 3437 1182 3486 admodum

106 3494 226 3549 'abtab’'
260 3497 317 3564 (F.)
625 3503 763 3567 pristinum
775 3509 800 3551 et
809 3502 964 3568 splendorem
977 3505 1077 3569 redeyr't
1086 3505 1183 3554 duabus

106 3562 214 3619 ‚Glsllh
225 3596 259 3605 -
279 3582 303 3618 a.
321 3565 352 3617 de
370 3583 422 3635 quo
440 3572 467 3618 et
483 3566 578 3632 David]
628 3568 798 3630 ler·tiorriter,'‘
815 3575 840 3620 et
850 3585 905 3638 cap.
915 3569 956 3624 54.
976 3572 1118 3631 ,Arrtr'ao'ue
1129 3570 1184 3622 La·

106 3633 199 3687 andus
211 3632 240 3685 Τ.
251 3632 274 3685 2.
286 3651 312 3702 p.
327 3634 383 3688 179.
399 3641 475 3704 putat
491 3634 577 3686 Phila·
629 3638 671 3686 beo
687 3646 789 3687 reuolue
805 3639 910 3689 lectione
928 3657 983 3688 cum
1000 3643 1040 3689 rr'r
1051 3643 1133 3689 or'rum
1149 3641 1182 3689 le·

106 3702 225 3773 „lapsum
236 3704 370 3766 memoria,
382 3710 407 3755 et
419 3722 466 3773 pro
478 3702 576 3756 Davida
626 3705 720 3771 yeretl’
738 3704 836 3756 'lamen
848 3706 915 3758 inlra
924 3707 1003 3757 etium
1016 3709 1102 3757 electio
1114 3708 1182 3776 apud

106 3786 131 3825 re
147 3770 283 3823 nominare
299 3771 473 3836 Ezechielem,
490 3789 577 3840 respo·
628 3779 745 3824 nostrum
757 3773 885 3838 scribitur,
898 3781 924 3825 et
934 3774 1009 3826 facile
1021 3774 1071 3826 fuit
1079 3775 1182 3827 librario

106 3854 142 3909 uu
153 3836 252 3893 ndXL.
261 3838 286 3891 3.
304 3839 355 3892 Sed
364 3840 475 3893 fortasse
487 3846 576 3892 uestro
629 3847 689 3910 post
701 3846 814 3910 perfecte
837 3844 936 3894 lberam
954 3843 1004 3894 eiu
1017 3844 1090 3894 lectio
1109 3845 1183 3896 omit-

106 3913 223 3961 rmouta
243 3907 311 3962 Paul.
329 3908 385 3961 Lx.
403 3909 426 3960 t.
448 3909 535 3961 CVlll.
553 3909 577 3960 7.
629 3915 690 3961 tere.
726 3910 783 3973 (F.)

106 3973 202 4029 oddae
218 3978 267 4027 τῶν
285 3979 381 4042 σκηνῶν
398 3977 578 4047 διαμειρήσω.”
663 3979 686 4031 d.
698 3979 877 4044 Mullivocati]
884 3977 1090 4032 metumtot.
1097 3979 1183 4034 XXII.

106 4050 124 4113 .)
234 4110 236 4115 Ι
632 4041 1183 4116 14.,Πολλοίεἰσικλητοὶ,ὀλίγοιδέἐκλεκ-

106 4112 165 4185 quod
176 4114 390 4197 angelusteueus
408 4114 473 4180 ibat]
498 4113 575 4166 Zach.
627 4115 689 4166 τοί.”
724 4114 781 4179 (F.)

108 4178 192 4249 ,huot
204 4180 272 4251 ανὴρ,
285 4183 326 4234 καὶ
338 4180 403 4252 ἐντῇ
420 4183 482 4253 χειρὶ
500 4182 575 4234 αὐτοῦ
662 4201 684 4237 e.
704 4183 778 4245 Quod
791 4189 816 4233 et
828 4183 962 4250 apostolus
974 4184 1022 4251 ait]
1041 4186 1052 4237 1
1064 4184 1121 4240 Gor.
1133 4188 1181 4242 Xl.

106 4251 520 4385 bl‘lllll‘²‘'lr'j⁸‘“¹²“ll”²
533 4250 575 4317 ‘³¹⁹
628 4248 1183 4389 t'·srltlttlt‘ttltltlt-lt

106 4337 249 4441 mahtim
262 4393 332 4440 recte
344 4391 422 4456 atque
433 4402 576 4455 paucorum
628 4389 733 4453 (Febr.)
1117 4345 1135 4394 μ

106 4462 131 4511 ta
140 4456 243 4524 electio]
255 4457 295 4509 lta
319 4472 346 4507 ro
358 4457 431 4506 tectio
441 4454 510 4524 apud
518 4455 577 4508 Phi·
661 4456 680 4510 f.
693 4455 824 4509 funiculus
833 4457 927 4528 triplici
935 4459 1028 4514 virtute
1037 4465 1183 4531 connexus]

106 4525 267 4585 muribunt
275 4474 351 4577 villar
371 4523 454 4578 andus
469 4528 495 4575 et
503 4522 577 4577 Cote-
630 4521 1082 4595 staureturtoepreoosarasiastaa
1090 4529 1132 4587 IV.
1142 4531 1181 4585 12,

106 4541 575 4663 mutuarentqlaaqueuquam
625 4592 732 4658 (Febr.)
