3046 5124
454 222 472 259 C

801 280 823 321 ς
1185 299 1188 303 .

204 385 267 432 XVI
689 362 884 414 PRAEFATIO.
994 352 1020 407 Ο
1168 295 1248 427 ξύμ

205 502 297 581 vitia,
320 484 452 582 quorthn
473 498 593 563 leviora
613 498 909 562 tacite'correxisse
932 495 1012 561 satis
1033 495 1145 576 habui,
1167 515 1231 560 non
1247 496 1366 576 ubique

204 630 278 681 esse
301 630 321 675 a
343 629 393 674 me
415 609 533 674 diserte
556 609 708 673 distincta
729 626 800 672 cum
828 612 916 673 recte
939 607 980 671 de
1009 625 1072 672 uuo
1103 611 1136 670 et
1163 606 1263 672 altero
1293 606 1364 671 loco

204 721 327 786 moneri
347 719 589 799 intellexissem,
622 719 777 784 eiusmodi
807 722 940 800 peccata
961 735 1026 780 una
1048 735 1119 781 cum
1141 717 1187 782 eis
1209 735 1292 797 quae
1314 722 1364 798 ty·

205 830 363 914 pographi
384 835 417 894 et
431 829 631 912 pagellarum
648 833 843 894 correctores
861 827 1068 906 admiserunt,
1091 845 1173 909 quae
1191 827 1365 893 admodum

205 959 280 1006 rara
300 960 357 1022 pro
374 941 481 1021 operis
495 939 705 1021 amplitudine
727 939 862 1004 inveniri
883 938 1050 1021 spopondi,
1072 938 1169 1003 etiam
1187 939 1221 1002 in
1234 938 1365 1003 Adden-

202 1053 317 1139 dorum
335 1057 391 1115 aut
409 1051 674 1132 Corrigendorum
699 1050 844 1131 syllogen
862 1050 1047 1116 conicienda
1063 1068 1137 1117 esse
1153 1048 1267 1128 statui,
1288 1048 1365 1112 inde

205 1182 279 1229 vero
297 1182 318 1227 a
334 1150 551 1245 pagacaied.
568 1161 676 1225 Petav.
696 1178 797 1240 usque
817 1161 859 1224 ad
882 1161 987 1241 operis
1009 1159 1105 1224 finem
1124 1177 1206 1240 quae
1228 1163 1365 1238 utraque

93 1280 97 1287 '
204 1257 386 1339 editio‘aibi
406 1271 537 1354 propria
559 1276 592 1336 et
612 1270 787 1352 peculiaria
807 1271 926 1337 habeat
948 1271 1026 1336 vitia
1048 1270 1133 1336 omni
1155 1274 1276 1351 quanta
1297 1285 1364 1332 ma-

205 1383 402 1479 ximagpotui
424 1381 592 1464 diligentia
612 1381 645 1445 in
669 1380 874 1446 annotatione
895 1382 1042 1468 indicaui.

287 1490 456 1577 Mliouum
479 1496 586 1557 estut
611 1510 712 1570 aequo
735 1492 873 1556 virorum
895 1493 1059 1556 doctorum
1086 1490 1203 1556 iudicio
1233 1508 1365 1572 operam

204 1603 255 1681 his
276 1603 366 1669 libris
388 1620 408 1666 a
429 1621 479 1667 me
495 1602 683 1683 praestitam
700 1603 915 1668 commendem
931 1608 1026 1684 atque
1040 1620 1151 1682 rogem
1165 1620 1206 1666 ne
1219 1602 1252 1665 in
1268 1619 1365 1682 opere

152 1762 175 1787 .
205 1719 271 1780 tam
294 1712 384 1795 gravi
405 1717 534 1794 tamque
552 1712 671 1778 difficili
686 1732 756 1778 meo
772 1712 881 1778 labore
899 1717 995 1794 atque
1011 1711 1155 1778 sollertia
1169 1711 1270 1792 magis
1287 1711 1365 1791 quid

200 1824 273 1903 ,bon
292 1840 387 1907 quam
409 1822 485 1904 quid
506 1823 722 1903 praestiterim
743 1823 856 1887 malint
876 1825 1083 1905 perpendere.
1351 1837 1356 1848 ·

161 1918 181 1949 '³'
196 1918 376 2001 *frunto
398 1932 592 1998 Clarissimis
614 1940 647 1998 et
668 1933 901 1999 Eruditissimis
925 1934 957 1998 C.
974 1932 1160 2014 Goettlingo
1181 1932 1309 1998 lenensi
1332 1921 1366 1995 et

168 1996 290 2127 ffb.
302 2043 486 2110 Eeksteinio
503 2043 651 2120 Halensi,
673 2050 769 2124 atque
791 2045 826 2108 R.
841 2043 987 2108 Fickerto
1005 2044 1265 2122 Vratislaviensi,
1287 2062 1365 2124 quo-

119 2200 145 2255 3.
204 2174 275 2223 rum
297 2154 449 2220 beneficio
472 2154 572 2219 debeo
594 2158 631 2218 ut
652 2154 794 2218 codicum
817 2155 1005 2235 scriptorum
1029 2153 1172 2219 lenensis
1192 2160 1224 2218 et
1239 2153 1364 2218 Vratis-

178 2258 182 2264 ’
204 2262 358 2333 laviensis
381 2264 580 2347 amplissima
607 2264 684 2329 mihi
706 2264 798 2347 copia
818 2264 921 2344 fieret,
950 2267 973 2329 1.
992 2264 1103 2331 Geelio
1125 2265 1291 2343 Leidensi,
1313 2281 1367 2327 eu-

146 2454 148 2457 ,
205 2375 255 2441 ius
272 2377 469 2441 humanitate
486 2375 604 2441 iactum
623 2380 673 2440 est
689 2381 726 2440 ut
740 2376 802 2440 Ios.
819 2376 971 2457 Scaligeri
987 2375 1236 2454 emendationes
1259 2389 1365 2483 exerp-

206 2486 252 2568 pli
281 2486 430 2551 editionis
459 2487 539 2567 Opp.
561 2485 732 2567 Epiphanii
753 2486 965 2564 Basileensis,
996 2486 1081 2567 quod
1110 2485 1143 2549 in
1174 2484 1367 2550 bibliotheca

206 2595 399 2660 Academiae
419 2594 587 2659 Leidensis
611 2596 652 2675 (v.
668 2596 768 2661 Catal.
785 2615 857 2678 pag.
872 2597 922 2660 39.
945 2596 1095 2678 Theolog.
1112 2596 1197 2673 378.)
1221 2553 1367 2680 asserib-

205 2710 273 2785 tur,
294 2703 489 2786 marginibus
512 2705 709 2788 adscriptae,
731 2712 976 2787 excerperentru'
997 2712 1230 2788 excerptasque
1253 2706 1294 2770 ad
1315 2701 1366 2770 me

206 2816 507 2895 transmitterentur,
524 2815 586 2880 Ios.
598 2816 831 2896 Valentinellio,
854 2816 1063 2881 bibliothecae
1082 2816 1264 2880 Marcianas
1280 2816 1366 2897 apud

206 2925 347 2991 Venetos
365 2925 541 3007 praefecto,
564 2925 630 2989 viro
654 2945 776 2991 morum
797 2927 956 2991 suavitate
978 2926 1288 2992 commendatissima
1309 2926 1367 2989 mi-

206 3034 305 3121 hique
324 3035 533 3114 amicissimo,
555 3036 609 3118 qui
625 3037 800 3118 scripturas
813 3037 930 3102 codicis
940 3038 1094 3102 Marciam
1107 3037 1140 3102 in
1152 3055 1246 3102 usum
1260 3054 1365 3101 meum

207 3120 356 3213 salimur
377 3146 601 3211 exscribendas
625 3147 760 3226 curavit,
792 3147 841 3212 his
865 3147 1010 3214 omnibus
1037 3152 1162 3230 gratum
1184 3166 1304 3226 meum,
1331 3152 1368 3210 ut

148 3312 169 3345 ,
207 3271 268 3338 par
288 3260 357 3334 est,
391 3255 450 3320 hac
478 3257 775 3322 commemoratione
802 3259 941 3323 animum
971 3259 1097 3341 publice
1123 3264 1239 3337 testor,
1269 3262 1368 3338 utque

210 3354 337 3446 semper
358 3364 435 3429 mihi
456 3364 586 3430 faveant
608 3367 704 3431 etiam
727 3374 822 3450 atque
845 3369 940 3434 etiam
962 3388 1049 3450 rogo.

331 3516 451 3598 Scripsi
472 3517 576 3582 Halae
598 3519 757 3585 Saxonum

226 3680 230 3688 .
250 3642 361 3695 mense
382 3626 511 3691 Octobri
530 3629 604 3694 anni
622 3630 843 3698 MDCCCLIX.

908 3815 1139 3889 Franciscus
1166 3815 1314 3888 oehler.

687 4102 889 4116 Ἢ
