3046 5124
252 326 315 391 394

302 478 364 547 Cap.
375 476 516 531 LXXVIII.
528 504 561 516 -
578 477 645 530 Ante
656 478 805 547 passionem
816 482 843 530 et
854 478 1068 531 resurrectionem
1083 476 1190 541 domini,
1206 494 1299 530 omnes
1311 478 1411 531 animae

251 553 401 599 sauctorum
413 548 438 599 iu
450 546 562 612 inferno]
592 547 737 598 Arbitratur
755 546 905 599 Gennadius
923 563 956 598 ex
969 563 1020 615 quo
1032 547 1148 615 peccarit
1160 546 1255 610 Adam,
1272 552 1299 599 et
1309 548 1411 599 clausus

253 622 293 667 est
303 616 340 666 illi
352 615 500 684 paradisus,
517 616 613 666 nullius
630 616 712 667 sancti
724 616 838 667 animam
850 616 876 666 in
890 616 990 666 caelum
1002 614 1157 677 ascendisse,
1173 614 1219 668 sed
1232 631 1325 667 omues
1337 617 1363 667 in
1375 617 1411 667 in-

251 684 324 736 terno
337 686 343 750 l
366 684 501 735 osteriores
513 684 612 735 limiam
620 692 724 750 patrum
737 684 868 747 dixerunt)
881 683 1005 746 detentas,
1016 689 1121 763 propter
1130 700 1196 753 ques
1207 684 1288 735 etiam
1297 682 1410 736 Christus

253 701 382 803 descendit
394 753 426 803 ad
438 752 543 814 inferos,
561 758 590 802 ut
602 768 646 802 eos
658 752 786 815 liberaret,
803 759 829 803 et
841 758 972 820 compotes
985 768 1026 803 sus
1036 750 1141 805 laceret.
1170 752 1205 803 Et
1215 750 1281 803 haec
1293 758 1333 805 est
1344 768 1410 805 com·

251 821 337 872 munis
351 820 436 905 opinio
449 820 590 872 multorum
601 826 711 887 patrum.
730 820 818 888 Cyrilli
829 820 1001 939 Hierosolplru.
1019 819 1140 889 κατηγήσ.
1157 820 1180 870 ὃ.
1198 819 1373 889 φωτιζομένων
1388 818 1410 871 s's

252 887 429 956 Ἱεροσυλυαοις
440 887 539 956 pagii.
559 888 710 940 Tertulliani
719 888 750 939 de
762 889 850 940 anima
858 903 913 957 cap.
924 888 945 941 V
972 887 1073 941 .etLV.
1091 878 1233 941 Clementis
1245 888 1410 941 Alexandrini

251 957 294 1008 lih.
306 956 349 1009 VI.
374 936 496 1007 btrornat.
509 956 664 1007 Damasceni
676 956 707 1008 de
719 956 770 1008 lida
782 955 917 1007 orthodox.
929 956 973 1007 lib.
985 955 1027 1008 III.
1040 972 1097 1026 cap.
1105 956 1209 1010 XXIX.
1227 956 1372 1025 Augustini
1382 958 1410 1009 ds

251 1032 366 1093 tempore
379 1041 490 1077 sermon.
504 1023 646 1077 CLXXXI.
677 1024 899 1077 Grsoentiiindis
919 1030 1026 1076 utcum
1038 1023 1268 1078 Herbanoludaeu
1316 1040 1342 1079 π.
1357 1025 1409 1079 llll.

250 1093 400 1160 Hieronymi
409 1093 435 1144 n
445 1092 539 1146 esaim.
549 1091 646 1145 xxru.
656 1092 700 1143 for.
710 1065 750 1144 ai.
759 1094 785 1144 n
814 1093 887 1145 sarm.
927 1093 954 1143 v.
963 1092 1008 1144 ror.
1021 1092 1059 1144 15.
1088 1040 1409 1147 samcxvni’ihnos.

251 1162 278 1213 in
290 1161 424 1240 Danielem
437 1161 481 1213 lib.
494 1160 512 1212 I.
526 1176 582 1228 cap.
596 1160 620 1243 l
633 1160 771 1249 7(ἰιτοςξοῐίὶ
810 1161 877 1240 agni·
888 1160 979 1241 moral.
991 1161 1035 1212 lib.
1048 1160 1069 1244 ¹,
1084 1203 1089 1215 .
1103 1177 1159 1245 capt
1168 1160 1342 1259 (usxvltltb.
1355 1160 1409 1241 XII.

251 1227 1409 1365 arilli-All§callianiassiliatstaffilisrlanill:

251 1367 278 1417 in
290 1364 451 1417 Matthaeum
463 1383 518 1434 cap.
531 1364 574 1416 llI.
588 1363 676 1416 homil.
689 1366 719 1418 V.
733 1365 776 1417 iol.
789 1364 846 1417 557.
863 1365 931 1434 apud
949 1363 1081 1431 Chrysost.
1092 1372 1156 1418 tom.
1169 1363 1202 1419 II.
1233 1365 1374 1419 Gaudentii
1384 1367 1409 1417 in

252 1435 327 1485 exod.
338 1440 437 1486 uastat.
450 1434 483 1486 X.
496 1440 559 1484 torn.
571 1432 625 1484 VII.
639 1431 753 1485 biblioth.
766 1438 877 1502 patrum.
894 1432 1030 1502 Nicephori
1041 1431 1140 1485 Callisti
1151 1434 1196 1485 lib.
1208 1432 1228 1485 l.
1240 1450 1297 1515 cap.
1310 1433 1408 1487 XXXI.

251 1501 361 1570 Philippi
372 1502 514 1570 presbyteri
526 1501 553 1552 in
565 1499 619 1552 Iob.
631 1501 675 1553 lib.
688 1499 731 1552 Ill.
743 1517 798 1569 cap.
810 1501 957 1553 XXXVIII.
984 1501 1065 1554 Pruco
1084 1502 1103 1553 ii
1114 1500 1253 1570 Sophistss
1269 1518 1297 1555 m
1308 1502 1409 1555 haiam

251 1571 295 1624 iol.
310 1570 365 1621 Iol.
382 1568 518 1621 Athanasii
530 1569 561 1619 de
573 1570 681 1621 salutari
693 1569 806 1621 adventu
818 1568 876 1620 Iesu
889 1568 984 1621 Christi
994 1570 1039 1622 iol.
1052 1569 1063 1597 ⁷
1102 1609 1108 1621 .
1121 1569 1152 1622 de
1163 1570 1288 1639 passione
1299 1576 1325 1622 et
1337 1586 1410 1623 cruce

252 1639 349 1690 domini
361 1639 405 1689 iol.
417 1636 475 1691 802.
502 1638 653 1704 llicronpnni
665 1644 726 1689 torn.
738 1637 781 1689 Ill.
794 1653 807 1687 e
827 1638 867 1689 ist.
881 1637 1002 1690 CXXLX.
1014 1638 1058 1691 Iol.
1070 1636 1128 1690 370.
1145 1638 1173 1689 in
1189 1638 1327 1718 epistelam
1338 1637 1408 1691 Pauli

252 1706 284 1757 ad
295 1705 446 1758 Thessalon.
459 1722 486 1757 ca
496 1723 513 1758 i.
527 1705 569 1758 IV.
581 1705 608 1757 in
620 1705 720 1774 epistol.
734 1655 925 1774 adspirasti).
938 1705 970 1759 II.
984 1722 1040 1775 cap.
1052 1704 1095 1759 IV.
1122 1705 1218 1759 Iuliam
1227 1706 1352 1776 Episcopi
1362 1707 1408 1759 'Io-

251 1775 330 1826 letaui
351 1779 476 1892 ‘ml-{mi
489 1723 533 1824 lib.
546 1773 646 1853 llcap.
658 1772 716 1853 XII.
746 1772 874 1853 Theodori
891 1774 1025 1825 Abucarae
1037 1774 1064 1825 in
1076 1774 1199 1855 disputat.
1211 1790 1272 1855 cum
1284 1774 1407 1828 Emensus

250 1842 375 1962 itali.
388 1840 1406 2007 1attilllfllltltlitll.llltslllilslrltlftt.ttll·

253 1979 308 2032 191.
322 1988 383 2029 tom.
396 1978 437 2030 IV.
451 1975 566 2030 biblioth.
587 1983 688 2029 istrum.
718 1928 847 2030 dmluosii
859 1979 885 2030 in
898 1979 972 2058 epist.
984 1978 993 2029 l
1004 1979 1057 2031 auli
1068 1978 1101 2030 ad
1112 1978 1222 2032 Roman.
1234 1995 1292 2049 cap.
1304 1980 1334 2034 V.
1352 1979 1406 2049 lipi-

270 2046 339 2098 hanIi
351 2052 441 2098 contra
451 1996 700 2099 Tatianoshaeresis
713 2046 803 2098 XLVI.
826 2046 925 2099 Sedulir
936 2047 964 2098 in
976 2064 990 2098 e
1008 2047 1050 2099 ist.
1062 2046 1135 2099 Pauli
1146 2046 1179 2099 ad
1191 2047 1302 2101 Roman.
1314 2063 1369 2119 cap.
1380 2047 1405 2101 v.

250 2064 369 2183 Ilionysii
381 2114 570 2167 Carthasiensis
581 2115 608 2166 in
621 2116 693 2182 epist.
706 2114 774 2166 Petri
786 2114 804 2166 I.
817 2130 874 2193 cap.
887 2114 969 2167 111.in
1004 2123 1046 2167 cta
1056 2116 1165 2184 apostol.
1177 2132 1235 2185 cap.
1247 2115 1279 2169 II.
1296 2115 1406 2169 Thomas

250 2184 387 2253 Aquinatis
398 2183 422 2236 3.
435 2190 498 2252 part
512 2200 606 2234 summ.
619 2189 717 2250 quaest.
729 2180 793 2235 LIII.
806 2184 905 2235 articul
917 2184 948 2237 V.
961 2190 986 2235 et
998 2200 1026 2235 se
1046 2190 1114 2236 uent
1145 2184 1184 2235 Ad
1201 2184 1258 2237 eius
1276 2184 1405 2239 confirme-

250 2254 347 2304 tiouem
359 2257 482 2321 promunt
498 2250 561 2303 haec
572 2252 713 2320 scripturae
725 2252 881 2305 testimonia.
904 2251 998 2304 (lenes.
1009 2252 1036 2303 X
1093 2251 1145 2307 VII.
1158 2268 1226 2305 vers.
1237 2252 1281 2307 35.
1300 2253 1404 2305 Descen-

252 2324 311 2372 riam
323 2322 446 2388 adfilium
458 2338 536 2370 areum
548 2321 634 2386 lapsus
646 2324 671 2370 iu
683 2322 816 2386 s'useruam.
846 2319 994 2372 Ecclesiast.
1006 2336 1062 2390 cap.
1074 2320 1171 2373 XXIV.
1182 2336 1250 2374 vers.
1262 2320 1304 2374 45.
1332 2320 1404 2373 Pese-

251 2390 322 2441 trubu
335 2407 416 2440 ornnes
427 2392 562 2456 irajariores
569 2399 660 2455 patres
673 2397 764 2450 terrae,
778 2392 852 2439 etius
870 2392 947 2440 iciam
960 2406 1041 2440 omues
1054 2390 1211 2453 deripientes,
1228 2398 1255 2441 et
1263 2390 1404 2441 illuminabo

249 2475 332 2509 omncs
342 2466 473 2526 sperantes
485 2460 511 2507 ia
524 2459 654 2508 ducatuum.
683 2455 846 2508 Zachariael
875 2473 959 2510 ,vers
975 2457 1014 2508 ll.
1041 2456 1119 2526 'I'apa
1152 2461 1404 2526 ueiasauqssiuetao

250 2529 354 2577 emisisti
370 2530 466 2576 cinctos
483 2535 537 2575 tuos
554 2526 584 2575 de
601 2525 660 2575 lacu
677 2528 701 2574 iu
719 2543 765 2592 pao
778 2542 826 2575 seua
843 2533 966 2592 estaqua.
994 2524 1117 2577 Iolaca.
1157 2525 1278 2580 xxviii
1291 2542 1357 2579 vers.
1371 2525 1405 2579 ll.

249 2595 365 2663 Aperlae
376 2603 434 2645 sunt
445 2595 491 2643 tibi
498 2602 590 2661 portae
603 2597 696 2654 assertis,
709 2602 733 2643 et
743 2597 809 2644 ostia
819 2594 949 2644 tenebrosa
961 2595 1056 2647 us'disti.
1075 2542 1152 2647 lbet.
1161 2592 1186 2646 3.
1195 2611 1263 2647 vers.
1275 2595 1314 2647 19.
1332 2594 1368 2647 Et
1376 2598 1405 2647 s's's

250 2667 293 2733 qni
309 2666 336 2713 ia
353 2680 459 2713 carcere
476 2670 552 2713 eruat
566 2661 698 2729 spiritibus
713 2666 814 2711 resciens
847 2664 1000 2715 raedicaoit.
1030 2661 1405 2731 BuIIIngerusiuMaltbscum

250 2747 306 2800 cap.
318 2730 403 2783 XXV.
420 2728 508 2781 Iohan.
521 2728 643 2781 Calvinus
655 2730 764 2783 institut.
777 2729 822 2781 lib.
857 2729 1014 2798 ‚capXVI
1055 2734 1079 2784 9.
1101 2729 1282 2784 Beaaiuacta
1292 2732 1405 2801 Apostol

250 2816 306 2868 cap.
318 2799 349 2851 ll.
367 2799 394 2851 in
411 2799 511 2867 epistol.
528 2797 595 2850 Petri
607 2796 626 2848 l.
639 2814 694 2867 cap.
704 2797 728 2850 3.
745 2803 771 2849 et
787 2797 813 2849 in
831 2798 906 2867 epist.
918 2797 950 2849 ad
962 2797 1055 2867 Ephes.
1068 2814 1123 2868 cap.
1135 2798 1177 2851 IV.
1190 2800 1265 2852 aiunt
1281 2800 1406 2871 praedicta

249 2870 307 2920 loca
316 2868 383 2920 male
397 2867 549 2919 aveterihus
564 2866 664 2918 detorta
672 2866 703 2918 ad
713 2882 840 2917 carcerem
848 2868 985 2935 poenalem
993 2867 1094 2935 piarum
1107 2868 1268 2929 animarum
1281 2885 1341 2921 cum
1352 2869 1406 2921 illae

249 2937 327 2989 etiam
349 2942 408 2988 ante
426 2934 521 2988 Christi
538 2935 677 2986 adventurn
694 2941 720 2986 et
740 2935 888 3002 passionem
908 2935 935 2986 in
952 2935 1145 3003 tranquillitatis
1166 2936 1228 2990 sinn
1247 2938 1406 2990 immuness

250 3021 334 3074 poena
349 3005 452 3067 luerint,
469 3003 659 3072 exspectandae
676 3004 798 3055 nimirum
815 3003 1008 3055 resurrectionis
1024 3004 1118 3056 solatia
1132 3010 1277 3074 cerpentes.
1304 3005 1406 3059 lllosaus

250 3074 386 3125 assertioni
398 3090 450 3124 non
463 3072 562 3124 viderur
579 3072 753 3123 contradicere
765 3072 940 3140 Augustinus,
958 3070 1019 3124 dum
1033 3071 1142 3136 fatetur,
1159 3089 1188 3126 se
1201 3071 1287 3126 adhuc
1303 3076 1405 3137 uesche,

250 3141 310 3210 quid
325 3142 385 3193 boni
398 3140 492 3192 Christi
503 3141 644 3192 descensus
656 3140 688 3191 ad
700 3140 796 3192 inferos
811 3140 949 3191 contulerit
959 3140 1010 3192 ilus
1021 3140 1106 3204 iustis,
1125 3141 1169 3199 uui
1180 3141 1209 3193 in
1219 3142 1280 3195 sinu
1292 3141 1407 3196 Abrahae

250 3215 329 3267 erant,
341 3226 355 3260 a
369 3209 462 3276 quibus
481 3209 622 3260 secundum
640 3208 788 3260 beatificam
804 3209 979 3276 praesentiam
996 3224 1058 3261 suae
1070 3208 1212 3262 divinitatis
1224 3226 1361 3281 uunquam
1371 3228 1406 3265 re·

250 3278 334 3330 cessit.
354 3277 404 3329 Sed
417 3278 474 3328 loca
485 3278 624 3345 Augustini
637 3278 694 3345 ipsa
704 3277 732 3329 iu
743 3277 858 3328 medium
871 3275 1049 3346 protrahamus
1061 3294 1094 3329 err
1106 3278 1181 3347 epist.
1192 3277 1291 3333 XCIX.
1303 3279 1406 3333 sdlire·

250 3347 321 3399 dium
332 3352 394 3399 tom.
406 3344 434 3397 lI.
447 3344 491 3397 fol.
504 3345 561 3397 284.
599 3344 673 3405 Quod
680 3349 789 3412 primum
801 3344 921 3397 bominem
928 3355 1031 3414 putrem
1041 3350 1143 3413 pesteris
1153 3346 1260 3399 damassi
1270 3366 1302 3401 ea·
1312 3352 1339 3399 iss
1380 3366 1407 3401 se

249 3418 351 3468 sols-erit
371 3414 495 3475 Christus,
514 3414 621 3464 ecclesia
631 3417 692 3480 sere
709 3421 760 3464 tota
777 3419 910 3465 consentit:
927 3416 993 3482 quod
1008 3432 1064 3465 eam
1079 3432 1128 3465 aon
1143 3418 1257 3467 inaniter
1272 3434 1317 3469 cre
1340 3419 1407 3470 'disse

250 3486 399 3537 credendam
417 3493 465 3544 est,
484 3485 584 3533 etiarnsi
595 3485 776 3532 canonicarum
790 3486 977 3550 scripturarum
990 3482 1049 3534 biae
1060 3500 1180 3551 expressa
1197 3502 1247 3536 ssass
1257 3490 1417 3554 proseratur¹

250 3557 398 3605 auctoritas.
416 3551 633 3618 Addantquidam
645 3548 691 3599 boc
700 3550 844 3618 beneficiam
856 3555 932 3602 etiam
944 3555 1000 3602 aisti
1015 3556 1054 3603 uis
1065 3555 1252 3619 sanctissaieee
1260 3570 1406 3615 consume,

250 3622 323 3683 Abel,
334 3620 402 3683 Seth,
418 3619 484 3682 Noe,
502 3629 527 3670 et
537 3621 621 3669 derisui
632 3618 848 3680 eiesaAlrrabam,
861 3619 942 3671 Isaac
954 3630 978 3671 et
1006 3620 1077 3681 acob,
1090 3621 1198 3689 aliisque
1227 3622 1373 3675 atriarcbis
1386 3632 1408 3673 et

245 3691 391 3761 prophetis,
410 3698 437 3740 ut
453 3707 507 3739 cara
520 3689 670 3739 doraiuusia
683 3690 807 3754 r'aseruum
822 3691 939 3750 uocaset,
955 3688 1009 3739 illis
1025 3688 1154 3740 doloribus
1207 3698 1333 3743 senatur.
1360 3688 1408 3743 Sed

249 3777 354 3829 quonam
368 3759 437 3808 modo
449 3757 617 3823 intelligatur,
635 3754 770 3806 Abrabam
786 3759 814 3805 ia
831 3760 903 3807 cuias
912 3760 992 3807 ursum
1006 3760 1081 3807 etiam
1093 3760 1155 3825 pius
1166 3774 1272 3827 pauper
1281 3768 1407 3830 susceptas

250 3837 297 3888 est,
323 3830 350 3876 irs
374 3828 427 3877 iliis
445 3829 529 3892 fitisse
550 3824 689 3885 doloribus,
716 3841 760 3890 epo
780 3826 878 3891 quidem
898 3842 946 3876 aaa
969 3826 1054 3887 videa,
1081 3826 1212 3894 explicasset
1228 3830 1347 3894 fortasse
1368 3832 1407 3897 psi

245 3904 358 3965 possunt.
384 3893 454 3945 Solos
476 3904 556 3945 uatem
577 3895 651 3955 duos,
671 3894 701 3943 id
720 3901 759 3943 est
776 3892 913 3944 Abrabam
930 3891 1112 3955 ethaeorum,
1133 3898 1162 3945 iss
1178 3894 1224 3947 ilia
1240 3896 1407 3949 memorabilis

250 3967 339 4031 quietis
354 3966 410 4012 siaa
420 3965 504 4028 filicae
519 3972 650 4029 autequam
670 3962 783 4012 domiuus
799 3964 945 4028 ininferna
962 3963 1133 4023 ascenderet,
1151 3972 1177 4015 et
1191 3964 1224 4014 de
1238 3966 1298 4015 istis
1314 3974 1407 4017 tastu

251 4032 344 4083 desolas
361 4033 452 4081 dictum
464 4034 547 4097 filicae
563 4032 604 4080 illi
621 4032 708 4081 dir-iti.-
723 4034 790 4081 iuter
805 4046 850 4081 sos
865 4038 890 4080 et
905 4047 949 4081 isos
960 4029 1039 4081 cbaos
1050 4048 1165 4095 mapsam
1176 4032 1305 4093 firmatura
1316 4042 1354 4085 est
1363 4041 1406 4085 etc.

251 4169 298 4218 duo
319 4167 356 4216 ibi
375 4177 460 4228 aurit,
482 4172 537 4234 quis
557 4169 653 4218 audeat
677 4169 774 4228 dicere,
799 4184 847 4218 noa
865 4166 903 4217 ibs'
920 4171 1004 4234 fuisse
1020 4166 1194 4236 patriarchas
1217 4177 1242 4220 et
1259 4186 1312 4237 pro
1399 4206 1407 4231 ,

1289 4322 1338 4357 sess
1350 4240 1409 4387 feel

251 4103 332 4150 nescio
350 4108 428 4148 citrum
445 4102 574 4167 quisquam
589 4102 633 4160 sit,
652 4102 694 4149 cni
710 4117 757 4149 uon
774 4099 891 4150 uideatur
912 4099 1055 4150 absurdum.
1083 4098 1166 4150 Porro
1185 4102 1212 4150 ss’
1226 4100 1318 4169 plures
1386 4118 1408 4151 ι

1297 4118 1401 4289 ab}

250 4236 338 4303 quibas
354 4238 527 4302 inscriptura
544 4236 586 4285 dei
606 4238 718 4287 lusatiae
730 4238 882 4303 pietatisque
899 4244 949 4285 tam
967 4239 1064 4303 insipere
1075 4238 1239 4288 testimoium
1321 4242 1326 4251 “

253 4303 322 4363 Quid
344 4302 383 4353 iu's
405 4320 464 4369 erpo
481 4307 653 4371 praestiterit,
675 4308 717 4370 qui
734 4305 832 4354 dolores
851 4304 926 4354 solcit
944 4307 1052 4371 inserui,
1072 4309 1101 4355 ia
1119 4304 1208 4371 quibas
1227 4254 1298 4357 illier

250 4379 319 4432 rant,
341 4373 446 4422 auridum
467 4372 591 4437 inteliipor
609 4376 761 4439 praesertim
781 4375 841 4440 qaia
859 4388 889 4421 ae
907 4375 975 4439 ipsos
992 4374 1091 4441 quidem
1109 4376 1206 4441 inferos
1224 4376 1326 4443 sepiam
1344 4392 1408 4427 scre·

246 4447 383 4506 plurarem
400 4441 462 4490 locis
479 4444 505 4490 in
523 4440 583 4490 boreo
602 4441 744 4507 appellatos
756 4444 831 4509 potui
846 4444 968 4506 reperire.
1000 4441 1112 4501 Quodsi
1128 4458 1254 4510 aaaqsasss
1269 4445 1299 4495 iss
1315 4444 1408 4495 dissuis

252 4508 445 4559 auctoritatibus
464 4508 569 4574 lapitas,
594 4526 642 4558 nors
666 4511 750 4576 utique
773 4512 843 4559 mnus
862 4509 907 4559 iile
927 4508 1065 4571 Abrahae,
1085 4511 1173 4561 idest
1193 4515 1407 4563 secretaecaise·

252 4574 311 4626 data
331 4579 418 4644 quietis
438 4575 575 4637 habitatio,
593 4577 681 4644 aliqua
697 4594 765 4644 pars
781 4580 919 4646 inferarum
936 4594 988 4631 esse
1006 4580 1134 4632 credenda
1151 4588 1200 4644 est,
1218 4596 1364 4649 quasque·
1380 4583 1407 4631 is
