3046 5124
437 356 476 397 DE
489 356 665 397 nummus
678 356 770 397 LIBER
1120 356 1182 423 20⁵1

20 510 89 575 eine
103 512 193 577 cuiue
208 510 287 576 dena
302 517 351 575 eet
366 531 436 577 esee
450 519 590 577 naturae.
618 512 754 577 Proinde
769 511 923 577 mundum
936 531 956 576 a
970 517 1083 575 natura
1096 511 1183 592 boni,

20 611 165 679 bocesta
175 618 288 678 natura
299 613 350 677 dei
362 615 479 679 lactum
491 616 680 680 confitentur
692 613 828 698 quidem,
843 613 900 679 sed
912 613 951 679 de
963 615 1183 678 commixtione

20 716 96 783 toni
110 722 144 779 et
156 715 246 797 mali,
269 736 348 799 quae
368 717 453 781 lacta
473 723 522 780 est
543 718 666 800 quando
687 718 771 781 inter
791 738 824 781 ae
844 722 976 800 utraque
997 722 1110 780 natura
1123 736 1181 800 pu-

20 819 139 903 mavia
171 818 278 903 Ipsam
290 838 365 883 vero
382 819 455 883 boni
471 840 490 883 a
504 819 586 883 malo
601 822 816 903 purgationem
830 840 868 884 ac
888 819 1105 884 liberationem
1119 838 1182 883 non

21 918 124 985 solum
137 941 195 1006 per
207 926 309 985 totum
323 921 477 985 mundum
497 928 529 985 ct
549 922 588 985 de
610 921 754 985 omnibus
770 924 838 986 eius
854 921 1018 986 elementis
1033 920 1182 985 ²virtntee

21 1020 72 1089 lei
84 1022 192 1088 facere
208 1023 333 1103 dicunt,
348 1043 457 1087 rerum
473 1026 568 1087 etiam
583 1023 698 1088 electos
714 1044 786 1088 euos
802 1045 857 1108 per
871 1024 1020 1088 alimenta
1034 1043 1113 1106 quae
1128 1043 1181 1087 eu·

21 1131 121 1191 munt
142 1124 183 1189 Et
197 1128 245 1189 eis
259 1128 373 1210 quippe
389 1126 558 1206 alimentis,
573 1128 656 1189 sicut
670 1128 815 1190 universo
830 1127 957 1207 mundo,
973 1125 1023 1190 dei
1035 1125 1181 1190 substan·

21 1229 98 1293 tiam
111 1227 281 1313 perhibent
296 1248 365 1291 esse
387 1230 603 1308 commixtam,
627 1249 720 1311 quam
740 1229 864 1313 purgari
887 1233 999 1312 putant
1018 1229 1051 1291 in
1074 1228 1182 1292 electis

21 1330 86 1397 min
104 1350 143 1395 eo
162 1350 276 1413 genere
299 1332 383 1393 vitae
404 1351 464 1413 quo
485 1333 596 1394 vivunt
615 1330 707 1394 electi
728 1330 983 1395 Manichaeorum
1003 1330 1090 1395 uelut
1108 1349 1181 1394 aan-

21 1434 102 1499 ὦπα
118 1438 151 1496 et
165 1432 370 1497 excellentius
386 1433 580 1497 auditoribus
596 1435 670 1497 suis.
693 1432 774 1496 Nam
785 1433 834 1497 his
846 1434 967 1498 duabus
980 1433 1182 1518 professioni-

21 1534 91 1619 bus,
104 1534 166 1599 lroc
181 1541 230 1599 est
243 1534 415 1599 electorum
431 1541 462 1598 et
477 1535 669 1616 auditorum,
685 1534 851 1599 ecclesiam
866 1556 955 1599 snam
970 1541 1112 1601 constare
1126 1555 1181 1600 vo·

21 1636 158 1703 luerunt
193 1638 231 1700 ln
250 1640 364 1701 ceteris
384 1643 489 1700 autem
509 1637 704 1718 hominibuS,
725 1640 821 1702 etiam
839 1640 873 1701 in
892 1640 969 1723 ipsis
989 1638 1182 1702 auditoribus

21 1742 101 1823 ruia,
122 1739 205 1804 hanc
227 1746 349 1824 partem
373 1739 472 1803 bonae
495 1739 680 1823 divinaeque
704 1741 916 1821 substantiae,
936 1761 1015 1823 qnae
1038 1743 1137 1805 mixta
1152 1745 1183 1803 et

21 1840 168 1925 colligate
180 1843 214 1905 in
230 1843 311 1906 escis
327 1847 359 1905 et
373 1842 498 1925 potibus
514 1841 682 1923 detinetur,
697 1845 894 1925 maximeque
909 1845 943 1906 in
959 1846 1004 1907 eis
1020 1844 1072 1926 qui
1087 1862 1182 1925 gene·

21 1950 93 2011 rant
111 1944 209 2025 thos,
232 1947 330 2008 artius
351 1951 383 2007 et
400 1943 593 2026 inquinatius
615 1945 754 2026 colligari
774 1950 896 2030 putant.
934 1946 1090 2028 Quidquid
1109 1966 1181 2010 vero

22 2046 160 2131 undique
175 2052 323 2132 purgatur
340 2045 477 2126 luminis,
491 2067 547 2130 per
563 2047 714 2129 quasdam
729 2068 837 2128 naves,
852 2067 930 2130 quea
946 2068 1015 2111 esse
1030 2047 1137 2111 lunam
1152 2054 1184 2112 et

22 2148 121 2217 solem
134 2149 254 2229 volunt,
268 2168 363 2229 regno
380 2148 431 2211 dei
445 2155 594 2231 tanquam
610 2150 745 2234 propriis
761 2149 888 2213 sedibus
903 2149 1002 2213 reddi.
1034 2150 1115 2226 Quas
1130 2150 1182 2213 iti·

22 2251 94 2319 dem
107 2271 206 2316 naves
221 2252 260 2315 de
276 2251 453 2315 substantia
468 2250 518 2315 dei
533 2268 612 2335 pura
625 2251 793 2335 perhibent
804 2251 982 2316 fabricatas.
1004 2251 1182 2335 Lucemqne

22 2354 116 2422 utrm
135 2374 316 2439 corpoream
335 2353 542 2417 animantium
561 2354 742 2418 mortalium
762 2354 860 2418 oculis
881 2354 1094 2437 adiacentem,
1118 2375 1182 2420 non

22 2456 124 2525 nolum
136 2459 172 2521 in
185 2456 235 2520 his
250 2455 400 2535 navibus,
421 2457 475 2519 ubi
495 2477 565 2519 eam
585 2456 785 2541 purissimam
800 2455 945 2537 credunt,
966 2457 1182 2522 verumetiam

22 2560 54 2625 in
66 2558 139 2625 aliia
154 2559 330 2643 quibusque
345 2557 458 2621 lucidis
474 2559 585 2639 rebus,
606 2560 659 2624 ubi
681 2559 855 2623 secundum
875 2561 959 2644 ipsos
979 2566 1105 2625 tenetur
1125 2559 1181 2625 ad-

22 2664 121 2731 nixta
141 2660 341 2745 crediturque
364 2661 541 2745 purganda,
563 2661 613 2724 dei
637 2662 747 2726 dicunt
762 2682 830 2725 esse
847 2667 1001 2727 naturam.
1038 2665 1181 2746 Quinque

22 2764 106 2831 enim
120 2763 293 2844 elementa,
308 2783 388 2846 quae
403 2769 579 2845 genuerunt
594 2764 754 2848 principes
769 2766 927 2848 proprios,
942 2767 1026 2847 genti
1041 2766 1182 2831 tribuunt

22 2867 232 2948 tenebrarum,
247 2886 345 2949 eaque
361 2865 516 2929 elementa
527 2866 576 2930 his
589 2867 768 2931 nominibus
779 2875 973 2952 nuncupant,
987 2869 1118 2950 sumum,
1132 2875 1181 2933 te·

22 2970 151 3050 nebron,
170 2970 290 3052 ignem,
311 2989 439 3051 aquam,
459 2974 603 3043 ventum3
626 2970 762 3033 insumo
784 2976 858 3033 nata
877 2969 1026 3035 animalia
1047 2972 1181 3056 bipedia,

22 3072 104 3141 unde
118 3072 263 3137 hemines
279 3071 392 3134 ducere
408 3072 561 3153 originem
581 3077 726 3150 censent3
749 3074 783 3135 in
804 3073 944 3137 tenebris
960 3075 1134 3159 serpentia,
1149 3078 1181 3139 in

23 3176 92 3261 igne
107 3173 334 3259 quadrupedia,
348 3174 382 3237 in
398 3177 488 3256 aquis
504 3174 657 3253 natatilia,
672 3177 706 3237 in
721 3181 814 3238 vento
829 3174 976 3242 volatilia.
1014 3178 1072 3241 llis
1088 3181 1180 3261 quin·

23 3298 80 3365 que
94 3277 262 3343 elementis
277 3275 369 3340 malis
390 3275 587 3341 debellandis
608 3275 670 3340 alia
691 3279 828 3360 quinque
850 3277 1006 3343 elementa
1026 3280 1065 3344 de
1086 3302 1180 3363 regno

23 3388 53 3447 et
63 3381 245 3447 substantia
260 3379 312 3442 dei
325 3381 423 3443 missa
438 3400 519 3460 esse,
535 3388 568 3442 et
582 3382 614 3444 in
626 3380 681 3443 illa
691 3400 797 3464 pugna
813 3381 909 3445 fuisse
925 3383 1081 3467 permixta
1095 3384 1180 3448 fumo

23 3486 104 3565 adra,
116 3481 258 3547 tenebris
275 3480 386 3561 lucem,
400 3482 467 3563 igni
482 3482 564 3546 malo
578 3482 684 3564 ignem
699 3484 826 3564 bonum,
841 3505 940 3567 aquae
955 3484 1056 3549 malae
1068 3506 1181 3569 aquam

23 3586 147 3667 bonnm
162 3590 256 3649 vento
271 3583 354 3649 malo
371 3591 499 3667 pentum
515 3586 641 3650 bonum.
663 3585 767 3649 Naves
782 3594 888 3650 autem
902 3588 987 3669 illas,
1008 3588 1041 3651 id
1057 3596 1106 3651 est
1120 3588 1180 3653 duo

23 3688 101 3757 areli
113 3688 282 3753 luminaria
300 3690 345 3751 ita
364 3688 576 3770 distinguunt,
597 3700 633 3752 ut
651 3688 758 3752 lunam
779 3689 886 3753 dicant
905 3691 1021 3754 laetam
1040 3711 1077 3754 ex
1099 3692 1181 3755 bona

23 3810 111 3879 aqum
125 3789 225 3855 solem
238 3810 311 3855 vero
328 3811 366 3854 en
381 3793 452 3873 igne
468 3792 559 3855 bono.
587 3791 664 3855 Esse
680 3798 784 3856 autem
799 3795 832 3856 in
848 3794 894 3855 eie
908 3794 1040 3856 navibus
1056 3799 1180 3857 sanctae

23 3896 170 3975 abbates,
191 3913 270 3976 quae
292 3914 326 3957 se
350 3896 380 3957 in
400 3900 557 3958 masculos
577 3896 815 3977 transfigurant,
837 3900 873 3957 nt
894 3893 1027 3958 illiciant
1046 3895 1180 3960 feminas

23 3999 123 4083 gentio
136 3995 305 4078 adversae,
324 3996 375 4061 ³et
394 4018 501 4061 rursus
516 3997 549 4061 in
564 3997 714 4080 feminas,
729 4004 765 4062 ut
779 3997 911 4061 illiciant
923 3998 1081 4063 masculos
1096 4002 1179 4064 eiua·

85 4216 112 4273 2.
124 4214 201 4270 Edico·
210 4217 330 4270 virtulem
342 4217 391 4271 dei.
420 4217 513 4271 Melius
528 4217 601 4269 MSS.
619 4218 727 4271 virtutes
739 4217 792 4279 dei;
810 4235 872 4284 quoe
883 4220 1000 4269 nimirum
1011 4222 1083 4288 iosra
1095 4219 1180 4274 dioni-

23 4284 97 4343 eloee'
110 4290 200 4339 dicum
215 4304 268 4338 cece
289 4290 315 4337 iri
331 4289 382 4337 arlo
399 4296 423 4337 et
444 4288 505 4337 luno
522 4296 642 4355 tanquam
663 4291 690 4338 e'a
712 4287 809 4338 duabus
825 4288 930 4337 rioribus
946 4297 1051 4341 abactor
1068 4294 1179 4343 m‘rteaer.

23 4354 168 4409 &mordet
181 4358 209 4406 ia
226 4356 351 4422 Aopierrsi
366 4356 505 4422 exernplori
519 4364 589 4406 retas
605 4357 647 4406 ille
664 4357 695 4407 de
710 4355 856 4405 haeresibus
867 4356 938 4417 liber,
956 4375 1025 4424 quem
1040 4361 1120 4411 iudr'lc
1138 4379 1179 4413 no·

24 4428 86 4479 lr'm
95 4422 289 4477 Ptaedeetinoti
296 4423 440 4491 praelio-uait
451 4422 561 4474 Iacobus
571 4422 726 4485 Sirmoadue,
738 4426 781 4491 qui
790 4431 873 4475 tameo
885 4424 932 4475 hoc
947 4426 1000 4477 loco
1009 4431 1124 4479 virtutem
1139 4431 1181 4481 dei

24 4494 108 4547 edidit
136 4490 253 4560 (Bened.)
303 4490 328 4545 3.
346 4494 372 4542 et
382 4506 471 4542 rursus
483 4490 510 4542 in
521 4491 632 4544 feminas
648 4520 677 4529 —
689 4521 722 4528 —
734 4491 820 4559 gentis
837 4492 960 4545 adversae
976 4496 1137 4548 desiderator
1152 4502 1180 4548 io

24 4562 96 4617 adi&
105 4570 167 4613 ante
183 4560 370 4621 Beuedicb'rroe,
382 4562 426 4627 qui
436 4578 468 4613 ca
479 4559 558 4613 oerlro
569 4579 600 4613 ec
610 4559 683 4613 MSS.
696 4561 852 4625 adiecerant,
869 4571 894 4614 ct
910 4566 1026 4631 conferre
1042 4584 1086 4618 arce
1096 4566 1181 4618 iubeat

24 4628 64 4683 bl.
75 4630 108 4683 de
117 4628 184 4683 Nar.
195 4628 264 4682 Boni
276 4646 336 4697 capr.
346 4627 388 4682 44.
