3046 5124
323 256 385 320 244
790 252 1017 295 smnusrmam

323 429 398 473 saue
413 410 561 494 perversi.
592 408 650 486 Qui
667 407 878 474 ¹Bardesanes
893 409 1007 474 dicitur
1018 408 1175 495 perlectus
1187 408 1285 474 fuisse
1301 407 1476 492 catholicus,

323 511 378 576 sed
392 517 502 596 postea
516 513 549 574 iu
564 511 597 575 id
610 532 667 595 per
680 510 840 575 Valentini
856 511 1044 597 discipulum
1064 511 1234 577 incurrisse
1254 517 1291 576 ut
1304 511 1423 577 malam
1437 510 1477 576 di·

324 621 407 678 cerot
422 616 524 678 carnis
539 613 693 677 humanae
709 620 892 696 creaturam,
907 616 1030 679 animae
1046 613 1171 680 bonam.
1205 614 1298 679 Hune
1314 617 1348 679 in
1364 614 1478 701 Cappa·

322 716 412 780 decia
427 715 587 780 damnavit
601 717 786 781 Theocritus
799 719 974 802 episcopus,
990 716 1106 781 docens
1119 715 1213 782 deum
1223 716 1344 782 bonum
1354 722 1480 802 utraque

320 819 449 902 secisse,
475 825 605 902 utraque
628 819 806 904 copulasse,
828 826 859 883 et
875 821 982 884 carnis
1002 819 1156 884 humanae
1176 840 1241 885 non
1261 825 1410 885 naturam
1429 818 1480 885 sed

320 924 619 1005 praevaricationem
635 942 702 987 esse
719 922 914 1007 culpandam.

145 1037 194 1086 ⁰³¹³·
208 1037 302 1078 XIIII
381 1043 526 1106 Haeresis
542 1043 699 1105 tricesima
714 1047 846 1106 etsexta
861 1041 1169 1124 1Νοὶἑιὶιιιιοιιιιιιιιι,
1184 1043 1239 1126 qui
1251 1042 1364 1109 dieunt
1376 1038 1480 1106 ’Chri-

320 1150 401 1207 stnm
418 1144 552 1208 eundem
566 1147 669 1230 ipsum
681 1164 750 1208 esso
761 1151 883 1230 patrem
894 1151 926 1208 et
937 1145 1082 1229 spiritum
1093 1151 1248 1227 sanctum,
1263 1165 1329 1210 non
1340 1164 1399 1229 per
1409 1144 1479 1208 sub-

319 1248 477 1328 stantiam,
494 1249 575 1311 siout
589 1268 657 1328 nos,
672 1246 728 1311 sed
743 1267 799 1331 per
813 1267 995 1331 personam,
1009 1253 1045 1310 ut
1059 1249 1199 1331 putative
1215 1246 1340 1312 dicatur
1355 1246 1480 1332 spiritns

319 1355 462 1430 sanctus,
484 1369 547 1413 non
569 1351 730 1413 veraciter.
766 1349 825 1413 Hic
846 1349 1011 1413 damnatus
1032 1354 1080 1412 est
1099 1348 1316 1433 aTranquillo
1337 1351 1479 1435 episcopo

319 1451 599 1515 Chalcedoniorum
615 1451 733 1534 Syriae.
772 1451 918 1516 Ostendit
932 1453 1016 1515 euim
1031 1456 1153 1535 patrem
1167 1471 1293 1534 verum,
1313 1451 1416 1515 filium
1430 1470 1479 1515 ve·

319 1575 397 1635 rum,
413 1556 557 1638 spiritum
573 1560 716 1617 sanctum
731 1574 849 1635 verum,
864 1574 962 1618 unum
977 1553 1104 1636 quidem
1119 1553 1211 1618 deum
1226 1574 1283 1638 per
1294 1573 1394 1617 unam
1408 1551 1479 1618 sub·

319 1658 483 1739 stantiam,
504 1656 560 1720 sed
579 1663 643 1721 tres
663 1676 720 1742 por
739 1656 974 1721 distinctionem
993 1676 1144 1740 personas
1164 1655 1251 1721 credi
1270 1654 1387 1730 dobere
1407 1676 1479 1723 con·

318 1759 455 1822 firmans.

130 1857 179 1906 ‘’¹¹¹‘'
194 1856 299 1896 mvn·
380 1878 417 1941 In
432 1880 622 1942 tricesimam
638 1883 669 1941 et
684 1880 850 1963 septimam
864 1878 1019 1942 haeresim
1032 1876 1149 1942 Valesii
1163 1880 1347 1960 incurrunt,
1363 1878 1418 1962 qui
1431 1878 1478 1943 in·

317 1979 424 2044 felices
441 1986 473 2043 et
487 1981 606 2065 seipsos
623 1985 762 2045 castrant
778 1987 809 2043 et
823 1979 961 2065 hospites
977 2001 1059 2045 suos.
1086 1980 1153 2045 Hoc
1168 1979 1261 2046 modo
1278 1980 1392 2046 dicunt
1404 1978 1478 2044 illud

317 2083 451 2167 impleri,
467 2081 552 2161 ἱραί
564 2105 596 2146 oo
613 2093 831 2148 castraverunt
839 2094 973 2168 propter
987 2105 1117 2168 reponet
1129 2083 1296 2148 coeloram.
1318 2082 1394 2148 Alia
1405 2102 1477 2167 quo·

318 2206 377 2267 que
392 2185 547 2249 haeretica
563 2186 672 2250 docere
690 2184 845 2266 dicuntur,
861 2190 894 2248 et
906 2187 1024 2270 turpia,
1040 2184 1095 2249 sed
1110 2205 1189 2269 quae
1200 2184 1255 2250 illa
1265 2187 1332 2250 sint
1342 2205 1403 2250 nec
1413 2185 1478 2271 ipse

275 2375 280 2387 ι
316 2287 508 2371 Epiphanius
526 2294 748 2353 commemorat
767 2308 825 2352 nec
845 2289 968 2372 uspiam
987 2289 1074 2373 potui
1089 2289 1233 2372 reperire.
1270 2288 1313 2352 Hi
1327 2309 1348 2353 a
1362 2286 1478 2373 synode

317 2397 391 2455 suut
406 2391 548 2455 damnati
562 2390 708 2454 Achaiae.

118 2472 169 2520 cm
182 2471 297 2512 mm
379 2510 552 2574 Tricesima
567 2514 676 2574 octava
689 2510 827 2574 haeresis
842 2515 892 2574 est
906 2509 1124 2593 Catharorum,
1139 2511 1192 2594 qui
1208 2511 1330 2596 seipsos
1344 2511 1408 2576 isto
1422 2531 1477 2578 no·

315 2615 399 2677 mino
412 2615 501 2696 quasi
512 2618 640 2697 propter
650 2612 838 2676 munditiam
850 2612 1072 2698 superbissime
1085 2612 1293 2698 appellarunt
1317 2612 1478 2679 Secunda

316 2718 442 2800 nuptias
456 2736 520 2779 non
532 2717 710 2780 admittunt.
732 2715 962 2779 Paenitentiam
974 2714 1139 2798 denegant,
1154 2715 1311 2780 Nouatum
1323 2722 1478 2783 sectantes

315 2819 520 2897 haereticum
541 2817 624 2882 undo
640 2818 734 2881 etiam
748 2816 913 2881 Novatiani
929 2817 1136 2907 appellantur.
1174 2817 1290 2883 Contra
1303 2818 1390 2886 hunc
1404 2820 1477 2885 bea·

315 2926 365 2983 tus
381 2921 496 3003 Xystus
513 2927 630 3003 martyr
650 2926 681 2983 ot
702 2922 883 3005 episcopus,
905 2927 937 2984 et
957 2920 1145 2985 venerabilis
1166 2919 1340 3006 Cyprianus
1361 2930 1479 3007 martyr

316 3022 442 3104 Christi,
457 3029 532 3087 tunc
549 3022 815 3105 Carthaginiensis
830 3023 985 3107 pontifex,
1005 3024 1131 3107 scripsit
1145 3029 1253 3087 contra
1266 3022 1427 3090 Nouatum
1439 3024 1477 3091 li·

315 3127 407 3190 brum
423 3125 460 3189 de
476 3125 588 3209 lapsis,
604 3125 687 3208 quod
701 3127 824 3211 possint
837 3145 894 3210 per
907 3125 1134 3210 paenitentiam
1148 3145 1331 3211 recuperare
1346 3130 1478 3211 gratiam

315 3248 410 3311 qnam
429 3227 563 3292 labendo
584 3227 800 3313 perdiderant,
820 3227 903 3313 quod
917 3227 1056 3294 Novatus
1077 3228 1243 3294 adserebat
1261 3229 1330 3296 lieri
1350 3231 1478 3299 omnino

314 3351 377 3394 non
393 3349 495 3416 posse.

138 3393 167 3432 Ca
183 3421 188 3432 .
202 3393 296 3432 xxxix.

168 3405 182 3442 p
378 3450 550 3513 Tricesima
566 3456 597 3511 et
617 3471 700 3514 nona
719 3449 859 3515 haeresis
872 3449 1094 3534 Angelioorum
1109 3458 1165 3516 est.
1201 3452 1244 3518 Ili
1259 3451 1432 3539 Angelioos
1446 3475 1479 3521 se

315 3555 418 3618 vocari
439 3551 614 3617 voluerunt.
650 3553 767 3616 Dicunt
789 3555 874 3618 enim
895 3553 1022 3637 angelos
1044 3554 1157 3620 debere
1179 3554 1302 3621 adorari
1324 3562 1358 3621 et
1379 3557 1479 3625 excoli

313 3659 429 3737 animo,
445 3656 568 3740 stipsis
583 3675 692 3739 preces
708 3654 835 3738 effundi,
850 3661 886 3722 nt
900 3656 978 3741 1ipsi
993 3676 1087 3741 quem
1101 3660 1206 3722 sciunt
1218 3679 1312 3745 posse
1326 3658 1432 3746 plusa
1445 3682 1479 3729 se

315 3759 373 3842 ipsi
390 3759 507 3823 faciant
521 3759 602 3822 uotis
617 3757 779 3822 hominum
794 3765 826 3823 et
839 3759 1044 3845 petitionibus
1059 3760 1236 3827 subvenire.
1258 3761 1478 3851 Hos'Epipha·

314 4065 337 4114 G
357 3996 430 4116 hisp,
438 3995 551 4050 XXXV.
564 4027 596 4036 -
621 3998 641 4050 l.
654 3995 816 4051 Bardesanes
831 3996 887 4051 MS.
899 3999 968 4067 Any.
981 3996 1114 4052 Bardesan
1129 3998 1185 4053 MS.
1198 3999 1281 4065 Reor„
1292 4008 1319 4054 et
1328 4002 1390 4059 edd.
1400 4000 1477 4058 Sin.

339 4084 355 4114 a
376 4083 409 4114 (m
430 4104 436 4115 .

363 4148 424 4218 Cap.
438 4150 562 4203 XXXVI.
576 4182 608 4189 —
631 4151 823 4205 lucustarum
840 4151 913 4207 MSS.
928 4152 997 4220 Any.
1016 4161 1041 4204 et
1051 4152 1120 4206 Rern.
1173 4152 1197 4207 2.
1209 4155 1323 4210 eundem
1332 4170 1396 4212 esse
1406 4154 1477 4213 Chri·

312 4223 381 4270 stum
394 4226 419 4270 et
431 4221 551 4288 spiritum
563 4226 690 4285 sanctum,
703 4239 754 4272 uon
767 4238 813 4293 per
825 4221 998 4275 substantiam
1009 4221 1064 4274 MS.
1078 4224 1145 4291 Auo.

363 4302 424 4371 Cap.
438 4305 575 4357 XXXVII.
587 4336 619 4345 ·-
635 4307 655 4358 1.
667 4305 759 4359 Matth.
771 4306 846 4371 XIX,
860 4307 899 4361 ll.

361 4387 609 4456 Capxxxlx-
634 4391 654 4443 l.
672 4392 892 4444 Itaduheatlr'dra'
902 4393 972 4446 Rem.
987 4393 1307 4462 An9.Dunena.‚eiedt'lt'.
1340 4396 1478 4455 Dr'et'istid

311 4457 460 4537 ipsiangeli
472 4457 563 4520 deum,
579 4475 657 4528 quem
669 4461 755 4513 sciunt
765 4476 843 4531 posse
854 4461 925 4530 plus,
941 4477 958 4512 a
973 4478 1002 4516 se
1013 4463 1065 4532 ipsi
1075 4462 1174 4518 iaciant
1183 4464 1254 4518 uotis
1264 4460 1405 4522 hommum
1415 4468 1477 4523 sub·

310 4541 403 4579 venlre.
