3046 5124
239 332 302 396 360

239 498 356 553 passum.
373 481 547 534 Tertullianus
559 482 682 534 adversus
694 480 822 534 Praxeem
834 494 893 561 cap.
901 480 921 533 i
939 479 970 532 de
981 478 1185 560 praeseriptione
1200 479 1325 532 adurens
1340 476 1395 530 hue

241 551 312 604 relic.
326 566 382 620 esp.
394 549 458 602 Llll.
475 550 604 639 Rnffipns
612 551 640 602 in
656 551 766 619 exposit.
783 548 1158 670 spmpippteprpphlpoesrionyppb
1164 546 1396 669 tssffgffifil'il'

240 618 789 807 hbllllltl‘tilllltplltt·lh.
805 634 955 737 5¹¹..th
978 686 1025 737 n.
1041 634 1165 737 elur·
1183 632 1397 737 uehitur.

241 755 586 809 nusahversnshrriunrli
606 753 781 808 .1.t01.3oo.
837 754 915 806 larius
950 752 1101 805 eTrinitate
1112 752 1157 805 lib.
1172 753 1193 804 1.
1211 750 1397 804 Ιοθιιιιιιειθι-

240 840 378 877 rnsseenns
391 823 422 876 de
435 824 533 875 duabus
546 823 642 874 t'biieti
653 824 822 874 voluntatibus
832 821 878 876 fol.
890 819 948 873 488.
960 821 992 873 de
1003 820 1054 873 fide
1067 818 1214 873 orthodoxa
1225 820 1269 874 lib.
1276 819 1321 873 lV.
1334 818 1398 871 e.ll'.

243 893 293 946 Gre
314 908 349 944 or.
362 892 505 944 Turonens.
517 890 606 943 histor.
619 891 739 944 Francor.
752 891 796 944 lib.
809 890 840 944 V.
854 906 911 970 cap.
924 889 1003 942 XLV.
1026 888 1117 941 Petrus
1128 887 1294 941 Lombsrdns
1306 889 1399 957 episco-

260 978 289 1013 ns
322 960 453 1012 arisiensis
466 965 576 1012 sentent.
589 958 663 1013 lib.3.
676 959 787 1011 distinct.
798 959 819 1012 l.
837 958 948 1027 Vigrlins
961 958 1061 1026 Martyr
1071 955 1143 1012 lih.I.
1156 964 1248 1009 centn
1255 954 1398 1025 Eutychen:

239 978 377 1098 busceptae
389 1032 477 1080 earnis
486 1030 641 1096 dispensatio
659 1045 704 1078 nee
721 1029 758 1079 nd
764 1035 866 1096 pat-rem
878 1044 924 1077 nea
936 1028 973 1077 aci
988 1030 1106 1094 spiritum
1117 1035 1248 1089 sanetum,
1259 1027 1307 1077 aeci
1318 1026 1354 1077 ad
1365 1044 1399 1075 ιο-

242 1099 290 1149 lum
299 1102 412 1166 pertinet
416 1099 497 1165 filiurn
505 1117 513 1147 .·
519 1099 626 1165 proprie
639 1099 703 1147 euim
709 1096 788 1164 filius,
802 1113 849 1145 non
856 1103 935 1163 pater
948 1096 978 1146 cle
990 1097 1088 1161 sirpine
1101 1102 1176 1145 natus
1188 1102 1233 1147 eat.

291 1181 351 1251 Ipse
360 1182 435 1234 fieret
446 1181 473 1233 in
484 1180 598 1245 homine,
609 1179 723 1233 hominis
735 1180 816 1247 filins]
835 1178 979 1232 Eerrandus
991 1179 1123 1231 Diaconos
1134 1184 1269 1248 paraenet.
1282 1178 1317 1231 sd
1328 1176 1401 1247 Regi·

241 1268 304 1304 num
317 1249 457 1303 Comitem:
476 1249 518 1300 Ea
530 1250 626 1300 banaiae
639 1268 687 1299 non
699 1258 736 1299 est
747 1258 821 1299 iratas
832 1249 966 1299 secundum
979 1264 1082 1298 carnem
1089 1255 1181 1328 pater,
1199 1249 1244 1366 pul
1254 1248 1329 1315 pilius
1345 1264 1401 1297 nun·

241 1338 314 1387 quarn
320 1322 388 1386 J'uit,·
401 1336 446 1369 nec
461 1321 568 1386 spiritus
579 1327 696 1379 sanetus,
709 1320 752 1385 qni
765 1334 809 1367 nee
814 1325 893 1385 pater
903 1317 1042 1383 aliquando
1048 1319 1111 1384 sunt,
1125 1332 1170 1366 neo
1176 1318 1198 1384 fi
1210 1319 1264 1367 ius:
1275 1316 1324 1366 secl
1331 1324 1401 1365 natus

242 1389 363 1455 estfilius,
375 1396 403 1437 at
412 1391 467 1455 ipse
472 1388 549 1454 fieret
554 1388 626 1453 filins
639 1388 745 1452 hirpinis
756 1389 854 1445 matris,
884 1388 910 1434 ui
922 1393 960 1434 est
970 1385 1036 1439 tilius
1048 1385 1090 1435 dei
1096 1387 1194 1452 patris.

242 1524 278 1575 lib
292 1455 340 1575 iii
350 1455 516 1576 liliusstpctus
529 1460 568 1506 est
579 1452 692 1505 hominis
703 1452 785 1519 filius]
800 1452 858 1505 Vid.
867 1404 1147 1505 iohan'llemascenus
1157 1451 1190 1504 cle
1198 1450 1250 1504 fide
1260 1448 1402 1503 orthodoxa

281 1562 286 1574 .
335 1539 410 1592 ‚cap
459 1562 465 1575 .

292 1607 350 1660 Non
363 1607 411 1659 ado
430 1609 508 1671 tione,
520 1624 573 1659 nou
586 1606 768 1676 appellatione]
787 1605 884 1659 Contra
894 1606 1005 1658 Felicem
1017 1605 1199 1675 Urgelitenum
1210 1604 1402 1675 et·Elipandunr

242 1677 396 1729 Toletanum
407 1625 544 1745 Episcopp.
557 1676 601 1744 qui
613 1676 764 1727 asserebant
781 1675 908 1726 Christum
926 1676 968 1726 dei
978 1676 1074 1743 filium,
1092 1675 1158 1742 quod
1174 1676 1212 1725 cni
1223 1673 1402 1725 humanitatem

242 1753 354 1813 spectat,
371 1746 501 1795 dicendum
519 1762 571 1795 esse
584 1747 633 1795 ciclo
652 1748 727 1794 tivum
744 1762 791 1793 nnn
822 1762 850 1794 ro
870 1747 934 1793 rium
946 1760 979 1794 ae
991 1744 1141 1794 siccluralem.
1167 1740 1265 1795 Caesar
1276 1740 1401 1794 Batonius

242 1812 364 1864 tole.
382 1812 468 1863 annal.
487 1812 519 1863 ad
535 1828 595 1864 enn.
630 1850 632 1857 .
653 1812 708 1863 risti
724 1810 790 1863 DCC·
813 1811 839 1863 X
866 1810 936 1863 Xlll.
954 1810 1082 1909 ratpot..
1102 1810 1226 1890 hflelmps
1244 1808 1402 1891 Bpnecliehn.

242 1878 1037 2019 {tirhtilllllll?{illlillllllill3
1051 1876 1402 2026 lllltl'lltllllttl.

245 2019 304 2068 deus
315 2021 509 2097 nuncupativus,
527 2019 572 2067 secl
584 2018 643 2068 aleus
657 2034 735 2067 certas.
765 2005 821 2067 Vid.
833 2015 956 2067 Paulinus
968 2016 1053 2084 Aquil.
1065 2014 1186 2085 Episcop.
1203 2015 1329 2067 adversus
1340 2014 1401 2067 Felt-

244 2101 300 2137 cem
313 2084 348 2136 Ur
369 2086 493 2136 elstenum
505 2085 549 2137 fol.
562 2084 620 2136 435.
636 2091 700 2136 tom.
713 2084 741 2135 V.
754 2082 902 2135 bibliothec.
933 2089 1030 2162 atrum..
1038 2083 1085 2135 Ful
1106 2083 1192 2163 entius
1209 2082 1244 2135 ad
1259 2082 1402 2163 Monimurn

242 2154 288 2273 libt.
299 2101 453 2275 Hpiolid’bf.
468 2152 712 2274 pclfigrasimundum
726 2152 826 2221 Regem
842 2153 885 2204 lib.
899 2101 940 2204 lii.
959 2152 1004 2206 tol.
1017 2152 1060 2206 al.
1083 2099 1194 2220 Cyrsilus
1210 2151 1401 2221 iherosolym.

244 2238 314 2274 ceec
334 2238 369 2274 es.
423 2261 429 2273 .
452 2239 485 2273 0.
531 2262 536 2273 .

294 2306 352 2359 Non
364 2322 426 2376 ergo
439 2306 504 2358 duos
517 2305 631 2359 Christos
644 2323 727 2374 neque
740 2306 804 2358 ditos
816 2306 896 2373 filios]
913 2306 1054 2426 Impugnat
1070 2321 1184 2359 errorem
1199 2304 1345 2359 nefandum
1355 2304 1401 2359 Ne·

244 2375 318 2428 storii
330 2380 355 2427 et
367 2375 440 2427 Pauli
451 2374 622 2439 Samosatam,
635 2376 679 2443 qni
691 2375 756 2427 duos
769 2372 884 2427 Christos
897 2381 923 2427 et
934 2376 951 2426 li
963 2376 1010 2439 ios,
1023 2394 1096 2426 unum
1107 2392 1218 2441 aarum,
1237 2376 1345 2427 alterurn
1362 2376 1401 2426 clo·

243 2448 347 2505 minum,
364 2462 439 2494 ursum
451 2444 597 2512 patibilem,
614 2446 721 2495 altcrmn
732 2444 896 2512 impatibilem
908 2443 1005 2497 dicunt.
1034 2440 1183 2495 Theodotus
1194 2443 1316 2523 Ancyrae
1327 2443 1402 2513 epist.

244 2529 363 2564 sermono
375 2517 466 2564 eontra
477 2511 624 2563 Nestorium
640 2511 667 2562 in
684 2511 755 2563 :lctis
773 2512 873 2564 concilii
890 2510 1013 2591 Ephesinl
1029 2510 1074 2563 iol.
1087 2510 1145 2565 θθθ.
1174 2510 1208 2563 Vi
1229 2510 1290 2563 ihus
1307 2512 1402 2609 hlarlpr

244 2581 287 2633 lib.
300 2580 331 2632 II.
344 2587 434 2632 contre
444 2578 586 2648 Eutychen.
612 2580 717 2647 Legatio
730 2578 794 2649 Imp.
807 2580 936 2632 Manuehs
950 2578 982 2631 ad
994 2580 1129 2633 Armenios
1138 2594 1199 2659 pag.
1207 2526 1294 2631 loli
1311 2578 1342 2633 ol
1363 2578 1395 2631 ot

246 2648 370 2702 163179.
389 2648 595 2721 Hermenopnlus
608 2647 639 2699 de
651 2648 727 2699 sectis
738 2662 800 2766 pag.
815 2648 869 2700 loo.
888 2648 998 2767 l'prillus
1011 2647 1203 2700 Alexandrinus
1218 2647 1247 2700 in
1258 2664 1288 2701 ar
1326 2652 1403 2701 ment.

244 2722 334 2769 contra
345 2716 512 2769 Nestorianos
525 2734 549 2785 p.
562 2717 585 2767 2.
598 2716 629 2768 de
641 2716 739 2768 rectasr
758 2733 772 2767 e
784 2714 817 2767 ad
828 2714 899 2768 'l‘heo
918 2717 1003 2769 osium
1015 2716 1053 2768 lm
1073 2716 1118 2769 .in
1130 2716 1202 2768 hatis
1216 2715 1290 2769 conc'
1303 2755 1310 2768 .
1321 2715 1343 2769 E
1361 2714 1402 2768 he·

244 2786 295 2837 sini
306 2785 352 2837 iol.
367 2784 405 2837 14.
417 2785 444 2837 in
462 2785 571 2854 epistole
587 2784 620 2836 sd
638 2784 780 2835 Succesum
797 2785 911 2855 episcop.
928 2784 974 2837 tol.
986 2783 1044 2836 ⁸262.
1054 2734 1114 2838 ito.
1127 2790 1154 2837 et
1163 2790 1227 2836 tom.
1236 2783 1281 2839 IV.
1295 2785 1329 2837 ad
1340 2734 1401 2837 bea·

244 2854 314 2906 cium
326 2854 437 2923 episcop.
450 2853 565 2921 Epistola
576 2852 676 2905 XXIX.
689 2852 721 2904 ad
732 2850 873 2905 iohannem
885 2850 1074 2905 Antiochenam
1086 2853 1112 2904 in
1124 2852 1197 2905 Actis
1209 2852 1314 2906 aoncilii
1322 2852 1402 2923 Ephe·

244 2922 295 2973 sini
306 2930 369 2975 tom.
379 2921 409 2973 V.
423 2938 478 2990 cap.
489 2924 511 2973 θ.
530 2918 678 2973 Theodorus
700 2922 824 2988 ›reshytor
837 2921 867 2973 de
879 2920 1007 2974 incarnat.
1019 2920 1118 2973 domini
1129 2936 1191 3001 pag.
1203 2918 1262 2975 233.
1285 2920 1402 2975 Vineeut.

243 2989 382 3041 Lirinensis
399 2997 488 3042 eontra
504 2989 603 3044 haeres.
621 3006 677 3058 cap.
690 2939 771 3040 ivn.
790 2994 816 3041 et
826 2989 919 3041 XVIII.
945 2988 1015 3041 Elias
1031 2988 1160 3041 Cretensis
1172 3006 1200 3042 ιιι
1211 2988 1401 3043 Nazianzenum

243 3058 289 3110 tol.
304 3058 375 3110 lllll.
404 3058 581 3110 Nazianzenus
604 3059 719 3111 oratione
730 3056 831 3111 XXXI.
852 3065 878 3109 et
897 3058 1014 3143 Epistola
1027 3058 1049 3112 l.
1068 3057 1101 3109 ad
1118 3056 1272 3111 cledonium
1286 3058 1333 3112 tol.
1345 3057 1401 3111 739.

245 3121 307 3185 εἴτις
319 3123 408 3220 εἰσάγει
420 3126 464 3176 oto
477 3125 549 3193 υἱοὺς,
563 3125 603 3177 ἕνα
616 3125 657 3196 μὲν
670 3125 712 3176 τὀν
724 3124 750 3177 ἐκ
763 3130 806 3177 τοῦ
819 3126 874 3177 θεοῦ
887 3144 927 3177 και
939 3125 1039 3195 πατρὸς,
1053 3126 1163 3195 δεύτερον
1176 3124 1203 3177 δὲ
1214 3124 1258 3177 τὸν
1269 3124 1297 3177 ia
1306 3129 1348 3193 ιῆς
1358 3145 1402 3197 pr,-

244 3192 315 3261 τρθς,
328 3192 376 3243 ἀλλ
397 3192 454 3263 οὐχὶ
467 3193 507 3244 ἕνα
519 3194 559 3244 καὶ
570 3193 612 3244 τὸν
625 3193 712 3257 αὐτον,
731 3194 770 3245 καὶ
787 3196 828 3259 τῆς
846 3193 963 3255 υἱοθεσίας
978 3192 1076 3245 ἐκπέσοι
1093 3196 1135 3260 τῆς
1153 3191 1337 3265 ἐπηγγελμένης
1353 3198 1402 3255 τοῖς

245 3257 258 3313 i
276 3262 324 3319 θῶς
337 3262 482 3312 πιστεύουσι.
502 3262 591 3321 (θύσεις
628 3262 651 3313 ὲν
668 3261 714 3346 γὰρ
733 3263 777 3314 δύο
795 3261 847 3322 θεὸς
865 3262 905 3314 καθ
918 3259 1053 3332 ἄνθρωπος.
1065 3260 1116 3313 irtel
1129 3261 1169 3313 rai
1182 3260 1251 3347 ψυχῂ
1268 3262 1310 3315 aul
1322 3266 1401 3333 σῶμ

244 3280 435 3396 obolostate,
450 3328 505 3380 οὐδὲ
519 3329 574 3381 θεοὶ.
589 3328 646 3382 ουδὲ
658 3349 704 3413 γαρ
717 3329 819 3382 ἐνταῦθα
836 3330 881 3382 δύο
893 3327 1029 3400 ἄνθρωποι,
1047 3328 1067 3381 εἰ
1079 3330 1118 3382 καθ
1135 3329 1214 3391 οὕτως
1232 3350 1246 3381 ο
1263 3330 1363 3392 Παῦλος
1374 3330 1402 3382 τ“ο

244 3397 311 3458 ἐντὸς
323 3402 366 3448 τοῦ
379 3396 516 3466 ἀνθρώπου,
529 3397 568 3448 rai
581 3397 609 3448 ιθ
622 3396 690 3458 ἕκτος
702 3400 893 3469 προσηγόρευσε,
905 3399 930 3451 id
944 3405 991 3463 est,
1002 3399 1033 3450 Si
1041 3403 1096 3468 quis
1104 3400 1247 3467 duosfilios,
1257 3401 1365 3451 alterurn
1374 3418 1404 3451 es

245 3470 290 3519 cieo
305 3476 421 3536 etpatre,
435 3467 541 3517 alterum
554 3485 584 3518 ex
595 3477 683 3530 matre,
697 3486 743 3519 non
757 3477 838 3520 autem
849 3487 924 3519 anum
936 3478 1010 3538 atque
1022 3470 1125 3520 eurrdm
1136 3469 1280 3531 incluserit,
1291 3472 1316 3521 is
1327 3469 1360 3521 ab
1372 3488 1402 3521 ea

244 3555 336 3605 quoque
342 3536 455 3604 filiorum
468 3536 601 3603 adoptione
614 3538 723 3599 excidat,
735 3554 799 3605 picae
812 3536 971 3589 credentibus
978 3540 1158 3605 promissaest.
1178 3535 1331 3606 Quanquam
1340 3540 1403 3589 enirn

245 3608 305 3656 deus
317 3613 341 3655 et
353 3604 422 3655 θοιιιο
435 3606 500 3655 duae
514 3612 622 3654 nociturae
630 3613 694 3668 secret,
706 3607 909 3671 ‹picernudmoclum
919 3614 943 3655 et
951 3609 1046 3667 anina,
1059 3614 1084 3657 et
1092 3622 1192 3673 corpus,
1205 3623 1254 3657 ιιοιι
1263 3614 1347 3657 tumen
1356 3606 1403 3657 cluo

239 3674 293 3743 filii
304 3691 348 3723 nee
361 3675 411 3735 clii,
429 3673 632 3742 quemadmodum
649 3691 678 3723 ste
696 3672 737 3723 bic
754 3675 852 3741 quidem
870 3676 918 3725 dcco
930 3673 1054 3736 homines,
1073 3676 1173 3725 tamari
1183 3672 1282 3725 Paulus
1293 3672 1403 3726 adhunc

244 3743 341 3792 madum
352 3745 477 3793 internam
490 3750 514 3791 et
525 3749 652 3792 externam
664 3739 770 3791 horrn'nis
777 3751 880 3809 partem
892 3742 1069 3810 appellaverit.
1086 3740 1120 3793 vi
1140 3741 1199 3793 'Iius
1210 3742 1320 3811 Martyr.
1331 3740 1404 3795 lih.I.

245 3815 335 3861 eontra
346 3807 493 3878 Eutychen:
511 3809 568 3860 Nos
584 3827 657 3860 aarum
670 3811 753 3871 deant,
772 3811 920 3879 eundemque
937 3811 979 3861 dei
989 3812 1073 3878 ‚tiliam
1089 3756 1232 3861 crientiis
1242 3811 1340 3879 filiuni,
1356 3828 1404 3863 non

246 3880 307 3929 daos
314 3881 476 3946 profitentur:
488 3886 512 3929 et
522 3881 560 3929 ita
573 3879 671 3929 uerbum
684 3881 753 3929 intra
765 3881 876 3945 oirqinei
885 3881 952 3929 uteri
962 3887 1062 3929 secreta
1080 3881 1168 3931 aarnr's
1183 3878 1233 3929 ειθι
1250 3886 1330 3931 eutha
1347 3897 1404 3930 cos·

245 3963 367 4007 secrasse,
380 3955 500 3997 attamen
513 3947 583 3997 serbi
594 3956 688 3998 tratura
702 3965 749 3997 ncnu
760 3955 900 3998 instaretur
912 3950 939 3997 iu
955 3964 1067 3999 carerem.
1096 3946 1160 3998 [tem
1177 3950 1268 3999 carnis
1283 3957 1404 3999 naturane

244 4017 283 4064 ita
313 4032 341 4064 er
352 4018 512 4083 sciscipientis
525 4019 663 4066 iniectionem
677 4019 703 4065 in
715 4015 786 4066 verbi
798 4019 919 4067 transisse
927 4033 1078 4085 personam,
1094 4024 1122 4065 ut
1132 4032 1181 4066 nou
1192 4023 1277 4067 tamen
1280 4018 1368 4085 suerit
1378 4020 1404 4067 is

245 4032 319 4133 serbo
332 4092 490 4151 consumpta;
504 4093 589 4135 marcet
603 4087 667 4134 enim
683 4092 802 4154 atraque,
817 4086 847 4135 id
862 4093 899 4134 est
909 4084 981 4135 serbi
997 4088 1131 4151 corneisque
1148 4090 1258 4146 statura,
1277 4093 1349 4136 etex
1364 4082 1405 4135 ia

246 4150 342 4201 duabus
353 4150 473 4219 hodieque
481 4152 636 4202 manentibus
648 4171 710 4202 ιιιιιιε
721 4162 759 4204 est
767 4151 888 4213 Christus,
900 4170 999 4221 unaque
1006 4170 1128 4221 persona.
1136 4149 1201 4203 Vide
1209 4150 1337 4220 Cyrillum
1346 4152 1404 4205 Aie-

244 4216 401 4269 xandrinum
418 4219 449 4270 de
466 4224 535 4272 reeta
549 4219 601 4272 fide
618 4220 650 4271 ad
662 4218 789 4275 Theodos.
806 4218 870 4289 Imp.
888 4220 914 4272 in
926 4221 997 4273 Actis
1013 4220 1116 4273 concilii
1126 4216 1251 4289 Ephesini
1266 4220 1313 4273 tol.
1327 4220 1366 4275 l'l.
1378 4226 1404 4274 et

247 4285 321 4345 Quod
332 4286 403 4337 Iesus
415 4286 532 4338 Christus
544 4306 606 4337 ureus
617 4291 651 4338 sit
662 4290 780 4357 deifilius
792 4297 817 4339 et
826 4290 946 4340 dominus.
962 4288 1006 4344 tol.
1018 4288 1060 4341 59.
1077 4288 1109 4341 tle
1123 4294 1195 4341 reeta
1211 4286 1264 4341 fide
1281 4289 1314 4342 ad
1326 4288 1404 4359 Regi·

244 4369 292 4405 nas
303 4354 347 4408 iol.
360 4354 401 4408 70.
418 4355 556 4424 Angustia.
569 4355 600 4407 de
611 4356 696 4408 verbis
709 4356 821 4427 apostoli
832 4361 894 4407 tom.
906 4355 953 4412 XI.
964 4357 1010 4409 tol.
1023 4356 1080 4409 ale.
1092 4372 1169 4411 serm.
1179 4354 1251 4409 XIV.

294 4437 463 4491 Unieenitum
474 4440 593 4511 dicimus]
611 4440 789 4494 Damascenus
806 4440 838 4493 de
853 4439 904 4492 fide
917 4440 1062 4494 orthodoxa
1077 4440 1153 4496 lib.L
1170 4456 1228 4513 esp.
1238 4440 1287 4495 lx.
1304 4440 1403 4513 λέγεται

246 4523 335 4587 μονογε
366 4525 385 4573 ς,
403 4504 439 4558 ὅτι
456 4509 530 4592 μάγος
546 4505 573 4592 ix
590 4510 666 4577 μόνου
681 4514 726 4561 τοῦ
743 4507 835 4579 πατρὸς
843 4508 929 4593 pheloc
945 4507 1037 4589 ipsust
1061 4507 1139 4561 ,οὖθθ
1153 4505 1228 4579 pipi
1264 4508 1402 4563 miseriti·

246 4590 276 4642 ρο
288 4590 395 4641 γενιησις
411 4578 497 4644 τῇτου
509 4574 561 4628 ulau
574 4581 617 4628 τοῦ
632 4576 686 4629 θεοῦ
696 4577 811 4646 γεννήσει.
825 4573 883 4629 ουδὲ
891 4595 938 4648 γαρ
948 4575 1012 4630 ierlu
1072 4596 1098 4638 ος
1107 4576 1158 4638 ulae
1167 4582 1212 4632 τοῦ
1261 4582 1285 4633 b.
1296 4578 1402 4637 LthV.
