3046 5124
289 354 330 419 66
791 350 940 391 rmnnsrsr
991 402 998 415 ,

288 509 412 591 genitus
428 511 638 590 cognoscatur.
674 506 775 571 Verus
795 509 881 571 enim
902 505 978 571 deus
997 505 1057 571 alio
1072 504 1165 572 modo
1181 525 1255 573 esse
1271 526 1348 573 non
1364 514 1466 594 petest

289 610 372 674 filius
387 612 496 674 unicus
511 611 573 673 nisi
592 611 634 672 sit
652 608 690 673 de
709 611 808 693 patris
828 608 883 672 illa
901 608 1009 674 divina
1028 609 1206 701 substantia
1219 613 1362 694 proprie
1377 614 1463 695 geni·

287 718 349 776 tus.
374 712 571 798 Sempiterna
585 711 756 776 similitudo
776 713 881 794 itaque
901 709 959 775 filii
973 711 1039 775 ⁷est
1054 711 1227 775 secundum
1243 732 1372 797 opera,
1394 716 1465 799 quia

287 816 461 900 aicatfacit
468 826 574 901 pater,
590 825 618 877 et
624 814 714 896 filius
728 813 964 898 eicoz’literfacit
979 815 1111 895 omoiass,
1126 813 1183 878 ⁸de
1198 815 1309 898 ipsius
1326 815 1465 900 qualita-

286 917 348 982 tis¹¹
362 917 469 983 divina
483 917 660 981 substantia
673 918 809 998 genitus,
824 918 897 998 quia
916 915 954 980 de
970 917 1037 1000 ipso
1050 922 1143 979 natus
1158 921 1207 979 est
1217 920 1363 1003 proprie
1379 939 1462 984 sem·

285 1021 440 1104 pitemus,
460 1040 524 1084 non
542 1018 644 1083 lactus
663 1039 702 1082 en
720 1018 831 1101 nihilo,
851 1025 886 1082 ut
904 1017 996 1083 homo
1018 1024 1050 1081 et
1069 1017 1199 1100 angelus
1219 1018 1300 1084 ⁹aut
1316 1028 1467 1087 creatura

283 1121 389 1206 aliqua
402 1127 460 1187 est.

119 1220 168 1273 ⁰⁸1²·
181 1220 265 1263 llll·
348 1225 571 1290 ¹Semiariani⁸
585 1229 660 1288 sunt
675 1243 805 1306 queque.
827 1220 885 1286 ²Hi
901 1221 939 1287 de
951 1231 1038 1307 patre
1051 1229 1082 1288 et
1094 1223 1157 1287 filio
1169 1222 1274 1288 ³hene
1285 1226 1464 1309 sanusne,

283 1347 380 1393 unam
391 1326 550 1412 qualitatis
562 1326 782 1408 substantiam,
797 1346 893 1389 unam
904 1325 1101 1390 divinitatem
1112 1346 1181 1389 esse
1193 1326 1389 1413 eredentes,
1400 1332 1463 1416 spi·

283 1434 379 1496 ritum
393 1435 498 1495 autem
509 1450 572 1495 non
587 1429 626 1493 de
639 1427 937 1512 divinasubstautia,
952 1449 1010 1493 nec
1023 1428 1116 1492 deum
1126 1449 1248 1511 verum,
1265 1430 1330 1496 sed
1342 1432 1464 1497 laetum

284 1540 377 1617 atque
393 1542 548 1598 creatum⁰
563 1533 708 1617 spiritum
722 1529 955 1615 praedicantes,
970 1538 1005 1594 ut
1019 1552 1091 1595 eum
1106 1532 1307 1615 coniungant
1324 1541 1362 1600 et
1377 1556 1462 1603 com-

284 1643 396 1720 parent
415 1641 588 1716 creaturae,
609 1654 680 1698 cum
700 1632 841 1696 Christus
857 1632 1001 1697 dominus
1017 1636 1098 1718 patri
1114 1639 1145 1697 et
1159 1633 1220 1696 sihi
1240 1637 1278 1698 in
1294 1637 1366 1702 fide
1383 1639 1461 1725 bap

283 1738 389 1801 tisrnid
417 1736 527 1802 salutis
550 1743 695 1800 aeternae
724 1737 935 1816 coniunxerit,
961 1756 1093 1819 eumque
1116 1756 1188 1800 eum
1201 1743 1305 1820 ,patre
1337 1746 1375 1805 et
1400 1742 1462 1806 filio

284 1842 405 1904 cunetis
425 1838 625 1904 credentibus
644 1837 855 1902 adorandum⁶
875 1840 1015 1918 iusserit,
1036 1840 1181 1920 omnique
1202 1838 1316 1906 seculo
1343 1842 1461 1909 ⁴dcum

283 1941 409 2006 verums
426 1941 668 2028 praedicandum
688 1943 845 2004 statuerit:
866 1960 930 2005 non
950 1939 1162 2023 intelligentes
1182 1941 1268 2023 quod
1290 1944 1460 2031 evangeli·

283 2051 352 2108 stag
367 2066 438 2109 cum
453 2045 543 2126 dicit,
570 2043 683 2108 Omnia
696 2066 757 2129 per
775 2045 880 2128 apsaro
890 2043 988 2128 facta
1001 2053 1089 2123 aaut,
1105 2053 1134 2106 et
1152 2044 1218 2107 aiae
1235 2046 1313 2129 apae
1321 2048 1461 2132 factam

283 2148 448 2230 estoilaill,
468 2169 531 2213 non
551 2146 590 2212 de
611 2148 724 2231 spiritu
744 2150 852 2210 sancto
868 2144 959 2226 dicit,
979 2147 1068 2228 quasi
1088 2145 1206 2209 factum
1225 2149 1390 2231 spiritum
1404 2173 1459 2238 par

348 2352 618 2418 destruensque.
661 2348 685 2402 8.
698 2347 729 2401 de
740 2349 823 2418 ipsius
835 2349 868 2399 Α.
881 2353 908 2399 et
919 2347 1052 2469 deiippius
1068 2354 1108 2401 est
1119 2349 1219 2417 reliqui.
1258 2349 1285 2405 9.
1304 2352 1358 2407 Ita
1376 2354 1458 2411 Bada.

282 2422 320 2474 At
329 2425 357 2474 in
369 2422 402 2474 A.
412 2423 505 2487 ἱερέων
516 2424 546 2470 ut
556 2424 673 2470 creatura
685 2418 773 2486 aliqua
785 2433 851 2486 quae
864 2422 904 2468 est
915 2433 986 2469 emm
1004 2434 1035 2469 us
1045 2417 1172 2482 occidens,
1185 2421 1344 2486 quaeverba
1356 2427 1459 2479 enreado

281 2494 333 2543 ita:
345 2494 392 2542 ant
408 2493 525 2540 ereatura
541 2487 636 2556 aliqua,
648 2501 715 2555 quaa
727 2492 768 2538 est
779 2485 884 2537 omnino
899 2485 1027 2539 occidens.
1447 2486 1451 2493 '

349 2556 412 2636 Cap.
424 2555 528 2610 LXVII.
550 2560 578 2606 ia
596 2554 677 2606 Baba.
695 2558 846 2674 itraerr'ptum
864 2563 901 2605 eat
916 2553 1083 2608 Sauraararu.
1101 2586 1134 2595 -
1170 2554 1191 2607 1.
1204 2554 1257 2608 Alii
1273 2564 1345 2612 sunt
1357 2560 1458 2617 Semia-

280 2624 441 2690 riani,h1A.
494 2624 517 2676 ‘A
534 2622 672 2677 hiAc.hii
685 2622 766 2674 Baii
794 2661 800 2674 .
852 2621 875 2673 3.
887 2622 954 2676 bene
965 2642 1011 2675 ora.
1024 2623 1058 2678 A.
1109 2623 1133 2676 4.
1152 2621 1229 2677 deum
1241 2624 1323 2683 ABc.
1338 2633 1457 2687 eumab.

282 2828 432 2953 vgi9filiuls
447 2826 566 2880 similiter
582 2826 645 2879 lacit
662 2826 759 2893 onmia]
783 2825 835 2880 leh.
888 2828 1322 2949 {eternffeestqffidsslminalm
1332 2836 1458 2893 obtinen-
1505 2808 1508 2869 l

306 2940 340 3018 h.
359 2900 483 3035 dehpslus
495 2964 639 3034 qualitatis]
657 2963 754 3016 Eadem
784 2964 837 3017 nali
905 2912 1066 3017 ababdddtld
1078 2900 1456 3044 801111οῆ1ἰ1)(ιιιν’)ιιι1ινῐιινιάιιπι]
1505 2988 1507 3039 ι

281 3037 290 3087 1
309 3051 338 3087 se
347 3034 410 3086 deus
422 3039 514 3086 natura
524 3033 663 3103 praeditus.
682 3032 725 3085 Sic
737 2980 805 3084 iulia
814 3048 835 3084 e.
886 3031 927 3085 Ex
939 3033 996 3102 ipsa
1006 3033 1051 3084 illa
1063 3034 1185 3103 baptismi
1195 3034 1457 3125 fermuladniahpea

299 3104 322 3155 6.
335 3121 425 3163 „anaim
435 3104 566 3170 qualitatis
575 3102 748 3164 substantiam,
760 3120 835 3153 uriom
887 3108 965 3169 atque
976 3102 1155 3155 adorationem
1165 3102 1321 3171 religiosam
1340 3126 1366 3163 s.
1381 3112 1457 3183 gpmz

283 3175 439 3223 diuinitatem
452 3188 504 3221 esse
516 3170 666 3222 erederrtea.”
702 3169 758 3235 (F.)
885 3175 928 3221 tus
941 3169 1102 3253 collegerunt
1111 3177 1211 3223 veteres
1224 3169 1385 3243 Christiani,
1400 3181 1456 3250 qui.

324 3238 547 3308 Gap.va11.-
564 3255 587 3291 a.
600 3238 764 3304 semiariani]
782 3238 836 3291 lloc
887 3239 937 3290 bus
950 3237 1106 3306 βαπτιζεσθαι
1118 3236 1149 3298 εἰς
1162 3238 1189 3289 t‘o
1205 3233 1286 3308 ὄνομα
1302 3250 1347 3296 est
1366 3247 1456 3315 βαπτί.

281 3307 387 3359 nomine
406 3305 542 3360 Philastrio
562 3307 648 3360 venire
691 3307 837 3375 erspicunm
888 3305 969 3366 ζεσθαι
986 3302 1190 3375 ἐπικαλεσάμενον
1207 3305 1236 3357 τ“ο
1254 3302 1340 3380 ὄνομα
1359 3318 1456 3397 μὴ,

282 3381 334 3440 est,
350 3375 394 3445 qui
410 3375 467 3427 aliis
483 3374 575 3427 deinde
586 3324 766 3426 Macedbniani
781 3374 837 3427 sire
887 3374 934 3426 filii
946 3379 972 3426 et
983 3374 1089 3442 spiritus
1098 3393 1129 3438 a,
1144 3375 1183 3427 uti
1193 3392 1228 3427 ex
1238 3376 1306 3430 loeis
1316 3379 1456 3453 ongean,

280 3442 520 3508 Pneumatomaehi,
542 3442 658 3494 damnati
676 3442 704 3495 in
722 3441 837 3495 Concilio
887 3441 1031 3494 Firmiliani
1045 3443 1207 3512 aliorumque
1225 3445 1324 3528 probat
1340 3448 1378 3505 D.
1392 3452 1456 3507 Got-

281 3511 416 3582 Cpolitano
434 3512 464 3564 A.
478 3510 505 3563 O.
519 3510 577 3563 381.
597 3510 764 3563 Macedonius
781 3511 837 3579 ipse
887 3509 969 3562 fridus
987 3510 1103 3563 Olearius
1124 3518 1220 3575 noster,
1233 3529 1247 3562 o
1260 3518 1417 3587 μακαρίτης,
1428 3523 1456 3575 in

281 3583 314 3633 cb
327 3580 444 3633 haeresin
460 3579 574 3632 deiectus
586 3578 721 3650 Gpolitanc
739 3579 837 3647 episcc·
888 3578 949 3631 diss.
971 3579 1002 3630 de
1019 3579 1124 3648 spiritus
1142 3597 1162 3632 s.
1180 3596 1240 3632 cum
1255 3589 1334 3650 patre
1352 3594 1385 3641 at
1399 3590 1455 3643 filio

280 3656 342 3719 patu
354 3649 385 3702 A
396 3648 455 3701 361.
490 3648 546 3714 (F.)
886 3647 1035 3700 adoratione
1045 3653 1071 3699 et
1079 3647 1267 3716 glorificatione
1275 3659 1379 3708 eontra
1385 3654 1456 3713 Gaii.

313 3718 338 3770 b.
357 3717 388 3769 de
427 3722 482 3768 atre
502 3722 528 3768 et
547 3715 601 3768 filio
622 3715 687 3768 bene
708 3715 834 3783 sentiunt]
885 3713 1063 3779 Whistonum,
1080 3716 1149 3768 edita
1159 3716 1263 3785 Lipsiae
1277 3718 1358 3776 1711.
1371 3742 1401 3795 p.
1417 3726 1455 3781 12.

280 3785 394 3838 ldemde
451 3783 559 3837 cadonio
572 3782 834 3836 affinnatRatramus
886 3800 940 3864 seq.
959 3784 1023 3836 Vide
1035 3785 1113 3836 etiam
1125 3801 1192 3854 quae
1204 3783 1321 3840 Basilius
1334 3788 1411 3848 libro
1423 3796 1456 3849 de

279 3854 345 3906 libro
357 3854 381 3906 ¹2.
394 3858 486 3905 contra
498 3851 609 3905 Graecos
622 3868 644 3903 c.
656 3851 680 3904 2.
698 3851 835 3904 Caeterum
885 3850 984 3922 Spiritu
995 3852 1022 3904 S.
1035 3869 1057 3905 e.
1072 3852 1110 3905 19.
1145 3852 1202 3919 (F.)

279 3922 348 3974 idom
363 3938 415 3974 non
432 3921 463 3973 de
480 3921 600 3973 omnibus
617 3936 695 3989 posse
711 3920 835 3973 affirmari
918 3921 936 3973 f.
954 3920 1032 3973 deum
1042 3923 1144 3988 verum]
1161 3921 1202 3973 Ita
1216 3937 1269 3974 nen
1282 3923 1383 3983 dubito
1394 3930 1456 3987 Phi.

280 3989 460 4053 Semiarianis,
473 3989 575 4041 abunde
587 3988 693 4041 doeetE
712 3989 721 4040 i
740 3986 834 4041 hanins
884 3989 1059 4041 lastriumscri
1079 3990 1145 4042 sisse
1170 4006 1375 4050 rucuma-eram.
1395 4000 1455 4068 (F)

279 4057 378 4111 haeresi
390 4057 509 4112 LXXIII.
522 4055 563 4110 23.
576 4062 602 4108 et
613 4056 653 4108 27.
689 4006 745 4131 dll)
919 4072 946 4176 p.
964 4007 1135 4137 evapgelista]
1152 4007 1207 4111 lah.
1219 4056 1239 4109 Ι.
1251 4058 1274 4111 3.
1318 4062 1384 4134 (μ’.)
1435 4042 1443 4057 .

313 4142 335 4178 c.
352 4125 451 4179 factum
463 4134 542 4196 atque
553 4128 678 4192 creatum]
697 4124 793 4193 halapia
810 4132 836 4178 et
938 4165 945 4177 .
963 4133 989 4177 et
1000 4142 1055 4177 sine
1067 4143 1124 4195 ipso
1136 4127 1234 4180 factum
1247 4128 1385 4202 estnihil]
1404 4136 1454 4191 11..

280 4194 381 4264 ποίημα.
404 4193 440 4247 lo.
455 4194 571 4247 Zonaras
585 4191 689 4245 Canens
704 4194 731 4246 in
742 4193 835 4261 Deipa-
886 4193 922 4245 eit
944 4191 1096 4246 Philastrius
1119 4211 1179 4248 cum
1201 4195 1247 4260 iis,
1275 4197 1324 4265 qui
1347 4218 1455 4261 novum

280 4277 347 4314 ram:
362 4261 527 4325 ,Μακεδόνων
539 4258 635 4320 πάντως
645 4260 725 4330 lapsis
738 4260 834 4329 ἀφέντες
885 4277 988 4313 comma
998 4262 1202 4333 incipiuntapud
1210 4261 1358 4322 Iohannem
1369 4287 1455 4329 am.

279 4329 322 4381 τὀν
343 4328 447 4399 λέγοντα
460 4330 549 4399 κτίσμα
564 4347 589 4381 τε
606 4329 646 4381 καὶ
661 4330 755 4398 ποίημα
776 4322 834 4381 εἶναι
885 4329 938 4380 bis:
955 4333 1020 4397 qued
1027 4336 1130 4399 scrotum
1147 4342 1184 4385 eat
1198 4336 1226 4384 ia
1240 4336 1298 4400 a'pee
1310 4341 1371 4391 oa’ta
1385 4353 1449 4397 erae

280 4397 308 4449 th
328 4394 440 4449 ἄκτιστον
452 4403 545 4479 πνεῦμα
558 4398 637 4450 θεοῦ.”
671 4398 727 4466 (F.)
884 4396 927 4449 Uti
934 4405 1035 4450 constat
1043 4385 1454 4477 etiamusurpatumabheffl

313 4467 338 4538 d.
350 4467 378 4519 iu
387 4466 576 4535 fidebaptrsmi]
585 4466 833 4548 Formulabaptismi
885 4464 1016 4520 Clemente
1027 4468 1102 4521 Alex.
1114 4468 1257 4538 Theophila
1268 4469 1453 4546 Antiocheno,

280 4535 424 4589 innomine
439 4535 520 4661 patris
536 4542 562 4587 et
576 4534 636 4600 filii,
653 4543 679 4588 et
694 4543 832 4605 spirituas.
885 4535 1003 4615 litigans,
1015 4536 1186 4602 Tertulliano,
1203 4537 1351 4609 lactantio,
1364 4544 1453 4603 Em.

279 4603 372 4663 Matth.
383 4603 438 4661 XX
462 4602 505 4657 ΠΙ.
520 4603 557 4657 19.
579 4603 726 4673 Baptismus
741 4607 833 4658 aulaea
884 4603 939 4670 bro,
954 4606 1101 4676 Augustino
1117 4607 1226 4678 aliisque
1242 4607 1349 4679 mulda,
1366 4617 1453 4675 afim
