3046 5124
258 339 321 405 210
759 337 912 379 auausrnu

260 496 286 557 si
297 498 428 556 utuntur
440 492 633 575 coniugibus,
645 499 831 578 conceptum
842 499 948 558 tamen
959 495 1255 578 generationemque
1268 494 1416 575 devitent,

260 616 298 659 ne
315 595 420 659 divina
435 595 620 676 substantia,
635 616 714 678 qnae
730 599 763 658 in
779 617 831 660 eos
846 617 902 680 per
916 596 1066 660 alimenta
1080 596 1268 679 ingreditur,
1284 596 1417 662 uinculis

260 701 379 762 carneis
396 697 507 779 ligetur
521 701 554 761 in
569 697 665 781 prole.
702 700 754 762 Sic
770 702 885 784 quippe
900 701 934 762 in
949 719 1074 763 omnem
1089 720 1231 782 carnem,
1252 699 1286 764 id
1302 707 1351 763 est
1365 720 1418 785 per

259 822 346 864 escas
362 806 393 864 et
407 807 499 884 potus
514 803 620 864 venire
635 803 755 863 animas
771 801 910 865 credunt.
946 800 1037 865 Unde
1058 805 1184 885 nuptiae
1202 804 1272 866 sine
1294 802 1418 866 dubita-

258 907 340 967 tione
356 903 566 967 condemnant
581 909 623 983 ct,
638 909 788 987 quantum
803 906 835 967 in
852 906 929 987 ipsis
945 909 1003 983 est,
1017 903 1200 988 prohibent,
1219 905 1346 988 quando
1362 925 1414 987 ge·

169 1047 175 1064 .
259 1026 366 1070 nerana
382 1007 559 1090 prohibent,
574 1012 700 1088 propter
715 1006 798 1088 quod
813 1009 955 1089 coniugia
970 1006 1145 1090 copulanda
1159 1012 1242 1070 sunt.
1269 1006 1374 1071 Adam
1388 1014 1418 1072 et

257 1108 354 1172 Evam
376 1129 414 1172 ex
432 1108 614 1192 parentibus
635 1108 828 1191 principibus
848 1110 925 1172 fumi
945 1116 1091 1172 asserunt
1110 1113 1217 1190 natea,
1238 1129 1310 1173 cum
1331 1115 1418 1194 pater

258 1232 366 1276 eorum
381 1213 508 1275 nomine
524 1210 630 1274 Saclas
647 1213 801 1274 sociorum
815 1212 896 1274 fetus
913 1214 1053 1276 omnium
1068 1211 1265 1292 devorasset,
1279 1216 1314 1274 et
1328 1212 1417 1295 quid·

259 1312 420 1397 quidinde
437 1315 639 1376 commixtum
655 1313 778 1377 divinae
794 1313 987 1377 substantiae
1004 1320 1138 1398 ceperat,
1153 1336 1224 1377 cum
1235 1334 1334 1379 uxore
1345 1336 1418 1380 cou-

258 1417 408 1481 cumhens
428 1419 461 1480 in
482 1436 574 1479 carne
595 1415 691 1499 prolis
706 1424 856 1499 tanquam
870 1419 1070 1480 tenacissimo
1090 1417 1215 1482 vinculo
1232 1416 1418 1499 colligasset

258 1520 417 1584 Christum
432 1524 536 1581 autem
548 1520 644 1581 i'uissc
659 1520 818 1582 affirmant
839 1510 932 1601 quem
953 1518 1029 1583 dicit
1049 1525 1156 1583 nostra
1176 1521 1334 1604 scriptura
1353 1542 1417 1585 ser-

257 1630 394 1706 pentem,
409 1643 428 1685 a
443 1641 502 1704 quo
515 1621 706 1684 illuminatos
718 1629 872 1702 asserunt,
886 1627 922 1685 ut
933 1624 1119 1704 cognitionis
1132 1621 1238 1687 oculos
1250 1626 1418 1707 aperirent,

259 1724 421 1788 ctbonum
441 1723 620 1806 malumque
644 1724 878 1805 dignoscerent:
901 1744 1034 1807 eumque
1057 1725 1216 1789 Christum
1237 1727 1417 1790 novissimis

257 1825 448 1911 temporibus
459 1829 584 1891 uenisse
596 1825 635 1888 ad
647 1829 779 1908 animas,
790 1848 853 1890 non
864 1827 903 1890 ad
917 1848 1045 1911 corpora
1056 1827 1227 1891 liberanda
1249 1826 1419 1894 Neciuissc

258 1934 291 1995 in
307 1950 399 1994 carne
414 1950 503 2010 vera,
524 1928 580 1991 sed
595 1929 773 1993 simulatam
788 1933 925 2014 speciem
940 1932 1043 1993 carnis
1058 1929 1257 1994 ludificandis
1271 1931 1418 1997 humanis

258 2032 402 2097 sensibus
417 2031 610 2116 praebuisse,
625 2031 680 2095 ubi
694 2052 757 2095 non
773 2031 872 2095 solum
887 2039 1030 2114 mortem,
1045 2053 1153 2096 verum
1168 2035 1265 2096 etiam
1279 2054 1417 2099 resurre-

258 2139 392 2200 ctionem
408 2134 552 2198 similitcr·
566 2137 761 2199 mentiretur.
796 2134 898 2199 Deum
921 2136 974 2218 qui
990 2134 1089 2217 legem
1107 2156 1163 2220 per
1176 2134 1309 2219 Moysen
1324 2135 1419 2219 dedit,

258 2241 336 2302 etin
351 2238 502 2302 Hebraeis
517 2237 677 2321 prophetis
693 2236 815 2300 locutus
837 2243 900 2317 est,
920 2257 983 2301 non
1006 2258 1075 2301 esse
1097 2258 1206 2302 verum
1230 2238 1343 2323 deum,
1364 2239 1418 2305 aed

257 2363 354 2406 unum
369 2340 616 2424 exprincipibus
631 2339 840 2404 tenebrarum.
876 2341 1039 2424 ipsiusque
1055 2342 1236 2404 testamenti
1252 2344 1328 2407 novi
1342 2344 1416 2409 scri·

256 2453 363 2529 pturas
378 2450 529 2526 tanquam
543 2441 704 2506 infalsatas
719 2445 764 2505 ita
778 2442 900 2525 legunt,
919 2450 954 2505 ut
973 2446 1056 2525 quod
1072 2442 1228 2508 voluerint
1245 2441 1323 2509 inde
1337 2448 1417 2512 acci·

258 2550 359 2631 piant,
380 2546 462 2630 quod
483 2546 594 2609 nolunt
615 2547 771 2626 reiieiant,
792 2548 899 2629 eisque
920 2544 1101 2629 ¹²tanquam
1121 2552 1222 2611 totum
1236 2566 1350 2614 verum
1363 2548 1416 2614 ha·

259 2651 367 2714 bentes
382 2649 549 2713 nonnullas
565 2648 758 2732 apocryphas
773 2653 975 2733 anteponant.
1009 2648 1285 2715 1³Premissiouem
1300 2651 1415 2717 domini

256 2753 327 2817 lesu
343 2752 458 2816 Christi
473 2751 511 2814 dc
526 2749 676 2834 paraclito
693 2752 804 2835 spiritu
817 2758 931 2816 sancto
952 2753 986 2816 in
1007 2772 1062 2815 suo
1083 2752 1304 2819 haeresiarcha
1318 2754 1416 2821 hinni·

257 2857 351 2919 chaeo
368 2855 476 2917 dicunt
491 2875 560 2916 esse
577 2852 771 2936 completam.
801 2852 893 2919 Unde
909 2875 941 2918 se
957 2856 990 2918 in
1006 2856 1071 2918 suis
1087 2854 1200 2918 litteris
1214 2854 1287 2920 Iesu
1304 2858 1416 2924 Christi

257 2956 432 3042 apostolum
446 2957 536 3037 dicit,
557 2972 593 3020 eo
614 2954 696 3039 quod
710 2955 798 3018 Iesus
813 2956 956 3020 Christus
975 2977 1008 3021 se
1029 2959 1200 3023 missurum
1215 2978 1285 3023 esse
1301 2962 1415 3045 promi·

257 3065 348 3141 serit,
368 3067 459 3143 atque
475 3063 508 3123 in
523 3058 576 3122 illo
592 3059 713 3121 miserit
728 3060 873 3142 spiritum
888 3066 1041 3123 sanctum.
1077 3060 1208 3145 Propter
1223 3061 1309 3144 quod
1324 3066 1416 3129 etiam

257 3167 323 3248 ipse
338 3163 538 3227 Manichacus
557 3160 721 3225 duodecim
741 3159 910 3246 discipulos
931 3162 1057 3244 habuit,
1077 3163 1117 3227 ad
1137 3165 1239 3227 instar
1255 3165 1416 3251 apostolici

256 3267 394 3345 numeri,
411 3285 503 3347 quem
519 3284 683 3328 numerum
697 3263 872 3328 Manichaei
887 3264 1040 3348 hodieque
1057 3265 1248 3330 custodiunt.
1283 3268 1368 3334 Nam
1380 3290 1416 3333 ex

257 3370 364 3435 electis
381 3369 446 3431 suis
461 3367 579 3430 habent
595 3367 770 3447 duodecim,
785 3387 863 3451 quos
877 3368 1038 3452 appellant
1052 3370 1230 3452 magistros,
1245 3376 1278 3433 et
1291 3374 1416 3437 tertium

258 3474 415 3537 decimum
435 3472 611 3555 principem
626 3472 781 3554 ipsorum3
802 3472 965 3555 episcopos
985 3477 1090 3535 autem
1111 3474 1313 3556 septuaginta
1330 3474 1418 3557 duos,

257 3579 308 3660 qui
325 3575 508 3641 ordinantur
522 3594 541 3635 a
555 3575 729 3654 magistris,
746 3578 778 3636 et
792 3572 1006 3657 presbyteros,
1027 3576 1080 3658 qui
1096 3574 1282 3639 ordinantur
1296 3576 1338 3643 ab
1352 3580 1417 3663 epi·

256 3683 350 3765 sepis.
386 3676 512 3741 Habent
534 3677 629 3738 etiam
649 3677 786 3760 episcopi
806 3675 962 3740 diaconos.
998 3677 1066 3740 lam
1086 3680 1182 3742 ceteri
1200 3678 1417 3747 tantummodo

256 3783 348 3846 electi
362 3785 521 3845 vocantur.
559 3778 621 3842 Sed
642 3780 809 3841 mittuntur
829 3780 924 3841 etiam
944 3781 1004 3863 ipsi
1024 3782 1078 3864 qui
1096 3780 1245 3845 videntur
1259 3780 1366 3848 idonei
1378 3782 1417 3849 ad

257 3885 338 3948 hunc
355 3904 489 3948 errorem
504 3882 553 3945 vel
569 3881 623 3944 ubi
638 3891 686 3944 est
701 3881 941 3945 sustentandum
955 3887 988 3944 et
1007 3882 1200 3965 augendum,
1217 3884 1271 3949 vel
1284 3885 1341 3951 nbi
1355 3907 1415 3952 non

256 3995 305 4051 est
319 3990 414 4050 etiam
430 3984 657 4049 seminandum.
693 3983 894 4068 Baptismum
913 3987 946 4048 in
961 4005 1041 4068 aqua
1056 3986 1136 4051 nihil
1150 3989 1298 4070 cuiquam
1311 3990 1417 4075 perhi-

258 4091 332 4154 bent
347 4090 456 4153 salutis
472 4090 597 4170 aiierre,
617 4108 675 4150 nec
697 4108 886 4171 quemquam
906 4109 1012 4153 eorum
1033 4109 1109 4172 quos
1131 4089 1296 4175 decipiunt
1315 4092 1416 4177 bapti·

256 4194 518 4277 nandumputaut.
542 4189 1152 4276 Orationesfaciuntadsolemperdiem,
1166 4213 1416 4278 quaquaversum

257 4299 384 4372 circuit,
405 4296 445 4358 ad
461 4296 568 4360 lunam
582 4314 637 4378 per
651 4300 793 4376 noctem,
813 4296 841 4358 si
856 4299 998 4376 apparet3
1021 4297 1049 4357 si
1068 4302 1174 4361 autem
1192 4316 1258 4363 uon
1277 4305 1416 4385 apparet,

310 4553 347 4605 12.
358 4551 403 4603 Sic
414 4559 509 4603 ceterae
522 4552 598 4606 MSS.
634 4552 673 4603 At
688 4554 751 4604 editi
761 4557 806 4605 tan
825 4566 887 4605 num
907 4568 961 4608 uon
976 4558 1061 4609 totum
1077 4556 1166 4608 vernia
1176 4549 1337 4611 habentibus
1351 4574 1413 4611 nor·

239 4668 243 4675 .
255 4621 342 4673 nullas
359 4628 415 4673 cett.
434 4616 554 4688 (Benod.)
608 4620 647 4673 13.
658 4618 766 4676 Iohann.
778 4567 848 4677 Xdl.
860 4620 884 4675 7.
