<?xml version="1.0" encoding="UTF-8"?>
<!DOCTYPE html PUBLIC "-//W3C//DTD XHTML 1.0 Transitional//EN"
    "http://www.w3.org/TR/xhtml1/DTD/xhtml1-transitional.dtd">
<html xmlns="http://www.w3.org/1999/xhtml" xml:lang="en" lang="en">
 <head>
  <title>
</title>
<meta http-equiv="Content-Type" content="text/html;charset=utf-8" />
  <meta name='ocr-system' content='tesseract 3.04.00' />
  <meta name='ocr-capabilities' content='ocr_page ocr_carea ocr_par ocr_line ocrx_word'/>
</head>
<body>
  <div class='ocr_page' id='page_1' title='image "./corporishaerese02unkngoog_0269.png"; bbox 0 0 3046 5124; ppageno 0'>
   <div class='ocr_carea' id='block_1_1' title="bbox 272 226 963 316">
    <p class='ocr_par' dir='ltr' id='par_1_1' title="bbox 272 226 963 316">
     <span class='ocr_line' id='line_1_1' title="bbox 272 226 963 316; baseline -0.006 -19"><span class='ocrx_word' id='word_1_1' title='bbox 272 248 334 316; x_wconf 80' lang='lat'><strong>250</strong></span> <span class='ocrx_word' id='word_1_2' title='bbox 355 267 356 270; x_wconf 34' lang='lat'>¹</span> <span class='ocrx_word' id='word_1_3' title='bbox 737 226 963 293; x_wconf 80' lang='lat' dir='ltr'><strong>emnousrn&#39;urr</strong></span> 
     </span>
    </p>
   </div>
   <div class='ocr_carea' id='block_1_2' title="bbox 269 403 1429 4281">
    <p class='ocr_par' dir='ltr' id='par_1_2' title="bbox 269 403 1429 4281">
     <span class='ocr_line' id='line_1_2' title="bbox 272 403 1421 492; baseline 0.003 -23"><span class='ocrx_word' id='word_1_4' title='bbox 272 403 388 469; x_wconf 87' lang='lat' dir='ltr'><strong>ditores</strong></span> <span class='ocrx_word' id='word_1_5' title='bbox 403 424 487 486; x_wconf 90' lang='lat' dir='ltr'><strong>suos,</strong></span> <span class='ocrx_word' id='word_1_6' title='bbox 502 411 537 469; x_wconf 90' lang='lat' dir='ltr'><strong>ut</strong></span> <span class='ocrx_word' id='word_1_7' title='bbox 550 408 577 470; x_wconf 90' lang='lat' dir='ltr'><strong>si</strong></span> <span class='ocrx_word' id='word_1_8' title='bbox 591 412 760 470; x_wconf 87' lang='lat' dir='ltr'><strong>vescuntur</strong></span> <span class='ocrx_word' id='word_1_9' title='bbox 775 407 938 489; x_wconf 86' lang='lat' dir='ltr'><strong>carnibus,</strong></span> <span class='ocrx_word' id='word_1_10' title='bbox 958 407 1106 473; x_wconf 84' lang='lat' dir='ltr'><strong>animalia</strong></span> <span class='ocrx_word' id='word_1_11' title='bbox 1120 428 1184 477; x_wconf 88' lang='lat' dir='ltr'><strong>non</strong></span> <span class='ocrx_word' id='word_1_12' title='bbox 1206 409 1369 492; x_wconf 82' lang='lat' dir='ltr'><strong>occidant,</strong></span> <span class='ocrx_word' id='word_1_13' title='bbox 1386 430 1421 474; x_wconf 88' lang='lat' dir='ltr'><strong>ne</strong></span> 
     </span>
     <span class='ocr_line' id='line_1_3' title="bbox 272 506 1422 596; baseline 0.007 -27"><span class='ocrx_word' id='word_1_14' title='bbox 272 506 430 570; x_wconf 84' lang='lat' dir='ltr'><strong>offendant</strong></span> <span class='ocrx_word' id='word_1_15' title='bbox 443 510 600 592; x_wconf 88' lang='lat' dir='ltr'><strong>principes</strong></span> <span class='ocrx_word' id='word_1_16' title='bbox 615 509 815 573; x_wconf 86' lang='lat' dir='ltr'><strong>tenebrarum</strong></span> <span class='ocrx_word' id='word_1_17' title='bbox 830 511 863 573; x_wconf 93' lang='lat' dir='ltr'><strong>in</strong></span> <span class='ocrx_word' id='word_1_18' title='bbox 879 509 1066 575; x_wconf 85' lang='lat' dir='ltr'><strong>caelestibus</strong></span> <span class='ocrx_word' id='word_1_19' title='bbox 1081 510 1267 594; x_wconf 81' lang='lat' dir='ltr'><strong>conligatos,</strong></span> <span class='ocrx_word' id='word_1_20' title='bbox 1282 533 1302 576; x_wconf 87' lang='lat' dir='ltr'><strong>a</strong></span> <span class='ocrx_word' id='word_1_21' title='bbox 1317 512 1422 596; x_wconf 88' lang='lat' dir='ltr'><strong>quibus</strong></span> 
     </span>
     <span class='ocr_line' id='line_1_4' title="bbox 272 610 1423 698; baseline 0.007 -26"><span class='ocrx_word' id='word_1_22' title='bbox 272 629 395 673; x_wconf 88' lang='lat' dir='ltr'><strong>omnem</strong></span> <span class='ocrx_word' id='word_1_23' title='bbox 411 631 535 673; x_wconf 84' lang='lat' dir='ltr'><strong>carnem</strong></span> <span class='ocrx_word' id='word_1_24' title='bbox 552 610 659 674; x_wconf 90' lang='lat' dir='ltr'><strong>dicunt</strong></span> <span class='ocrx_word' id='word_1_25' title='bbox 674 614 824 693; x_wconf 80' lang='lat' dir='ltr'><strong>originem</strong></span> <span class='ocrx_word' id='word_1_26' title='bbox 838 612 982 693; x_wconf 77' lang='lat' dir='ltr'><strong>⁷ducere,</strong></span> <span class='ocrx_word' id='word_1_27' title='bbox 998 615 1089 677; x_wconf 90' lang='lat' dir='ltr'><strong>etsie</strong></span> <span class='ocrx_word' id='word_1_28' title='bbox 1104 620 1234 678; x_wconf 84' lang='lat' dir='ltr'><strong>utantur</strong></span> <span class='ocrx_word' id='word_1_29' title='bbox 1246 616 1423 698; x_wconf 84' lang='lat' dir='ltr'><strong>coniugibus</strong></span> 
     </span>
     <span class='ocr_line' id='line_1_5' title="bbox 271 712 1424 802; baseline 0.005 -27"><span class='ocrx_word' id='word_1_30' title='bbox 271 717 306 775; x_wconf 93' lang='lat' dir='ltr'><strong>ut</strong></span> <span class='ocrx_word' id='word_1_31' title='bbox 317 719 500 796; x_wconf 88' lang='lat' dir='ltr'><strong>conceptum</strong></span> <span class='ocrx_word' id='word_1_32' title='bbox 511 716 803 797; x_wconf 78' lang='lat' dir='ltr'><strong>generationemque</strong></span> <span class='ocrx_word' id='word_1_33' title='bbox 816 712 966 796; x_wconf 82' lang='lat' dir='ltr'><strong>devitent,</strong></span> <span class='ocrx_word' id='word_1_34' title='bbox 982 735 1021 778; x_wconf 92' lang='lat' dir='ltr'><strong>ne</strong></span> <span class='ocrx_word' id='word_1_35' title='bbox 1033 715 1140 779; x_wconf 88' lang='lat' dir='ltr'><strong>divina</strong></span> <span class='ocrx_word' id='word_1_36' title='bbox 1150 717 1341 798; x_wconf 86' lang='lat' dir='ltr'><strong>substantia,</strong></span> <span class='ocrx_word' id='word_1_37' title='bbox 1351 738 1424 802; x_wconf 86' lang='lat' dir='ltr'><strong>qnae</strong></span> 
     </span>
     <span class='ocr_line' id='line_1_6' title="bbox 271 816 1424 904; baseline 0.004 -28"><span class='ocrx_word' id='word_1_38' title='bbox 271 816 304 876; x_wconf 89' lang='lat' dir='ltr'><strong>in</strong></span> <span class='ocrx_word' id='word_1_39' title='bbox 320 835 372 878; x_wconf 91' lang='lat' dir='ltr'><strong>eos</strong></span> <span class='ocrx_word' id='word_1_40' title='bbox 387 835 443 898; x_wconf 91' lang='lat' dir='ltr'><strong>per</strong></span> <span class='ocrx_word' id='word_1_41' title='bbox 463 816 610 879; x_wconf 86' lang='lat' dir='ltr'><strong>alimento</strong></span> <span class='ocrx_word' id='word_1_42' title='bbox 629 816 816 898; x_wconf 81' lang='lat' dir='ltr'><strong>ingreditur,</strong></span> <span class='ocrx_word' id='word_1_43' title='bbox 836 816 970 880; x_wconf 86' lang='lat' dir='ltr'><strong>vinculis</strong></span> <span class='ocrx_word' id='word_1_44' title='bbox 992 819 1113 882; x_wconf 88' lang='lat' dir='ltr'><strong>carneis</strong></span> <span class='ocrx_word' id='word_1_45' title='bbox 1133 817 1248 900; x_wconf 80' lang='lat' dir='ltr'><strong>ligetur</strong></span> <span class='ocrx_word' id='word_1_46' title='bbox 1266 821 1301 882; x_wconf 94' lang='lat' dir='ltr'><strong>in</strong></span> <span class='ocrx_word' id='word_1_47' title='bbox 1316 819 1424 904; x_wconf 80' lang='lat' dir='ltr'><strong>⁸prole.</strong></span> 
     </span>
     <span class='ocr_line' id='line_1_7' title="bbox 271 916 1424 1004; baseline 0.006 -24"><span class='ocrx_word' id='word_1_48' title='bbox 271 916 322 980; x_wconf 85' lang='lat' dir='ltr'><strong>Sic</strong></span> <span class='ocrx_word' id='word_1_49' title='bbox 338 919 450 1001; x_wconf 92' lang='lat' dir='ltr'><strong>quippe</strong></span> <span class='ocrx_word' id='word_1_50' title='bbox 467 921 499 981; x_wconf 92' lang='lat' dir='ltr'><strong>in</strong></span> <span class='ocrx_word' id='word_1_51' title='bbox 516 938 638 982; x_wconf 92' lang='lat' dir='ltr'><strong>omnem</strong></span> <span class='ocrx_word' id='word_1_52' title='bbox 655 939 790 999; x_wconf 88' lang='lat' dir='ltr'><strong>carnem,</strong></span> <span class='ocrx_word' id='word_1_53' title='bbox 805 918 838 982; x_wconf 92' lang='lat' dir='ltr'><strong>id</strong></span> <span class='ocrx_word' id='word_1_54' title='bbox 853 924 901 981; x_wconf 90' lang='lat' dir='ltr'><strong>est</strong></span> <span class='ocrx_word' id='word_1_55' title='bbox 911 940 967 1004; x_wconf 92' lang='lat' dir='ltr'><strong>per</strong></span> <span class='ocrx_word' id='word_1_56' title='bbox 979 939 1067 982; x_wconf 89' lang='lat' dir='ltr'><strong>escas</strong></span> <span class='ocrx_word' id='word_1_57' title='bbox 1079 927 1111 983; x_wconf 85' lang='lat' dir='ltr'><strong>et</strong></span> <span class='ocrx_word' id='word_1_58' title='bbox 1121 927 1225 1004; x_wconf 87' lang='lat' dir='ltr'><strong>potus,</strong></span> <span class='ocrx_word' id='word_1_59' title='bbox 1240 921 1350 986; x_wconf 80' lang='lat' dir='ltr'><strong>venire</strong></span> <span class='ocrx_word' id='word_1_60' title='bbox 1362 925 1424 987; x_wconf 86' lang='lat' dir='ltr'><strong>ani·</strong></span> 
     </span>
     <span class='ocr_line' id='line_1_8' title="bbox 270 1019 1427 1106; baseline 0.005 -24"><span class='ocrx_word' id='word_1_61' title='bbox 270 1040 336 1082; x_wconf 89' lang='lat' dir='ltr'><strong>mas</strong></span> <span class='ocrx_word' id='word_1_62' title='bbox 358 1019 496 1084; x_wconf 90' lang='lat' dir='ltr'><strong>credunt.</strong></span> <span class='ocrx_word' id='word_1_63' title='bbox 534 1021 624 1086; x_wconf 89' lang='lat' dir='ltr'><strong>Unde</strong></span> <span class='ocrx_word' id='word_1_64' title='bbox 646 1027 677 1083; x_wconf 89' lang='lat' dir='ltr'><strong>et</strong></span> <span class='ocrx_word' id='word_1_65' title='bbox 696 1023 821 1106; x_wconf 89' lang='lat' dir='ltr'><strong>nuptias</strong></span> <span class='ocrx_word' id='word_1_66' title='bbox 842 1023 910 1084; x_wconf 91' lang='lat' dir='ltr'><strong>sino</strong></span> <span class='ocrx_word' id='word_1_67' title='bbox 932 1021 1125 1085; x_wconf 89' lang='lat' dir='ltr'><strong>dubitatione</strong></span> <span class='ocrx_word' id='word_1_68' title='bbox 1146 1022 1375 1106; x_wconf 88' lang='lat' dir='ltr'><strong>condemnant,</strong></span> <span class='ocrx_word' id='word_1_69' title='bbox 1398 1033 1427 1088; x_wconf 91' lang='lat' dir='ltr'><strong>et</strong></span> 
     </span>
     <span class='ocr_line' id='line_1_9' title="bbox 271 1123 1428 1212; baseline 0.006 -28"><span class='ocrx_word' id='word_1_70' title='bbox 271 1125 466 1204; x_wconf 89' lang='lat' dir='ltr'><strong>quantumin</strong></span> <span class='ocrx_word' id='word_1_71' title='bbox 478 1123 553 1206; x_wconf 88' lang='lat' dir='ltr'><strong>ipsis</strong></span> <span class='ocrx_word' id='word_1_72' title='bbox 565 1128 613 1186; x_wconf 90' lang='lat' dir='ltr'><strong>cst</strong></span> <span class='ocrx_word' id='word_1_73' title='bbox 624 1123 800 1207; x_wconf 81' lang='lat' dir='ltr'><strong>prohibent,</strong></span> <span class='ocrx_word' id='word_1_74' title='bbox 816 1123 938 1206; x_wconf 85' lang='lat' dir='ltr'><strong>quando</strong></span> <span class='ocrx_word' id='word_1_75' title='bbox 950 1143 1097 1207; x_wconf 84' lang='lat' dir='ltr'><strong>generare</strong></span> <span class='ocrx_word' id='word_1_76' title='bbox 1108 1124 1289 1208; x_wconf 86' lang='lat' dir='ltr'><strong>prohibent,</strong></span> <span class='ocrx_word' id='word_1_77' title='bbox 1304 1132 1428 1212; x_wconf 88' lang='lat' dir='ltr'><strong>propter</strong></span> 
     </span>
     <span class='ocr_line' id='line_1_10' title="bbox 271 1225 1427 1309; baseline 0.004 -22"><span class='ocrx_word' id='word_1_78' title='bbox 271 1225 352 1306; x_wconf 91' lang='lat' dir='ltr'><strong>quod</strong></span> <span class='ocrx_word' id='word_1_79' title='bbox 367 1231 441 1287; x_wconf 90' lang='lat' dir='ltr'><strong>sunt</strong></span> <span class='ocrx_word' id='word_1_80' title='bbox 455 1225 627 1308; x_wconf 87' lang='lat' dir='ltr'><strong>copulanda</strong></span> <span class='ocrx_word' id='word_1_81' title='bbox 642 1227 793 1306; x_wconf 85' lang='lat' dir='ltr'><strong>coniugia.</strong></span> <span class='ocrx_word' id='word_1_82' title='bbox 830 1225 932 1289; x_wconf 85' lang='lat' dir='ltr'><strong>Adam</strong></span> <span class='ocrx_word' id='word_1_83' title='bbox 951 1232 983 1288; x_wconf 90' lang='lat' dir='ltr'><strong>et</strong></span> <span class='ocrx_word' id='word_1_84' title='bbox 996 1226 1095 1290; x_wconf 83' lang='lat' dir='ltr'><strong>Evam</strong></span> <span class='ocrx_word' id='word_1_85' title='bbox 1115 1247 1154 1290; x_wconf 83' lang='lat' dir='ltr'><strong>ex</strong></span> <span class='ocrx_word' id='word_1_86' title='bbox 1168 1228 1335 1309; x_wconf 85' lang='lat' dir='ltr'><strong>princibus</strong></span> <span class='ocrx_word' id='word_1_87' title='bbox 1355 1228 1427 1292; x_wconf 80' lang='lat' dir='ltr'><strong>sumi</strong></span> 
     </span>
     <span class='ocr_line' id='line_1_11' title="bbox 270 1326 1427 1412; baseline 0.005 -23"><span class='ocrx_word' id='word_1_88' title='bbox 270 1326 418 1390; x_wconf 86' lang='lat' dir='ltr'><strong>adserunt</strong></span> <span class='ocrx_word' id='word_1_89' title='bbox 432 1333 532 1408; x_wconf 89' lang='lat' dir='ltr'><strong>natos,</strong></span> <span class='ocrx_word' id='word_1_90' title='bbox 548 1348 677 1409; x_wconf 91' lang='lat' dir='ltr'><strong>quorum</strong></span> <span class='ocrx_word' id='word_1_91' title='bbox 689 1333 776 1412; x_wconf 89' lang='lat' dir='ltr'><strong>pater</strong></span> <span class='ocrx_word' id='word_1_92' title='bbox 787 1329 874 1390; x_wconf 88' lang='lat' dir='ltr'><strong>aiunt</strong></span> <span class='ocrx_word' id='word_1_93' title='bbox 885 1329 1009 1390; x_wconf 90' lang='lat' dir='ltr'><strong>nominc</strong></span> <span class='ocrx_word' id='word_1_94' title='bbox 1021 1327 1137 1394; x_wconf 82' lang='lat' dir='ltr'><strong>Socios.</strong></span> <span class='ocrx_word' id='word_1_95' title='bbox 1163 1329 1262 1406; x_wconf 86' lang='lat' dir='ltr'><strong>Quem</strong></span> <span class='ocrx_word' id='word_1_96' title='bbox 1274 1332 1427 1395; x_wconf 88' lang='lat' dir='ltr'><strong>sociorum</strong></span> 
     </span>
     <span class='ocr_line' id='line_1_12' title="bbox 270 1429 1426 1514; baseline 0.005 -23"><span class='ocrx_word' id='word_1_97' title='bbox 270 1450 393 1491; x_wconf 90' lang='lat' dir='ltr'><strong>suorum</strong></span> <span class='ocrx_word' id='word_1_98' title='bbox 410 1430 491 1492; x_wconf 86' lang='lat' dir='ltr'><strong>setus</strong></span> <span class='ocrx_word' id='word_1_99' title='bbox 507 1431 644 1493; x_wconf 90' lang='lat' dir='ltr'><strong>omnium</strong></span> <span class='ocrx_word' id='word_1_100' title='bbox 660 1429 808 1491; x_wconf 84' lang='lat' dir='ltr'><strong>adserunt</strong></span> <span class='ocrx_word' id='word_1_101' title='bbox 822 1429 1004 1511; x_wconf 87' lang='lat' dir='ltr'><strong>devorasse,</strong></span> <span class='ocrx_word' id='word_1_102' title='bbox 1025 1437 1056 1493; x_wconf 92' lang='lat' dir='ltr'><strong>et</strong></span> <span class='ocrx_word' id='word_1_103' title='bbox 1076 1431 1226 1514; x_wconf 91' lang='lat' dir='ltr'><strong>quioquid</strong></span> <span class='ocrx_word' id='word_1_104' title='bbox 1246 1432 1323 1495; x_wconf 90' lang='lat' dir='ltr'><strong>indo</strong></span> <span class='ocrx_word' id='word_1_105' title='bbox 1344 1454 1426 1497; x_wconf 89' lang='lat' dir='ltr'><strong>corn-</strong></span> 
     </span>
     <span class='ocr_line' id='line_1_13' title="bbox 269 1531 1427 1615; baseline 0.003 -21"><span class='ocrx_word' id='word_1_106' title='bbox 269 1533 401 1594; x_wconf 84' lang='lat' dir='ltr'><strong>mixtum</strong></span> <span class='ocrx_word' id='word_1_107' title='bbox 422 1532 544 1594; x_wconf 88' lang='lat' dir='ltr'><strong>divinae</strong></span> <span class='ocrx_word' id='word_1_108' title='bbox 565 1531 757 1595; x_wconf 86' lang='lat' dir='ltr'><strong>substantiae</strong></span> <span class='ocrx_word' id='word_1_109' title='bbox 785 1537 924 1615; x_wconf 83' lang='lat' dir='ltr'><strong>ceperat,</strong></span> <span class='ocrx_word' id='word_1_110' title='bbox 951 1553 1022 1596; x_wconf 91' lang='lat' dir='ltr'><strong>cum</strong></span> <span class='ocrx_word' id='word_1_111' title='bbox 1041 1552 1135 1596; x_wconf 85' lang='lat' dir='ltr'><strong>uxore</strong></span> <span class='ocrx_word' id='word_1_112' title='bbox 1158 1533 1376 1598; x_wconf 76' lang='lat' dir='ltr'><strong>concumbens</strong></span> <span class='ocrx_word' id='word_1_113' title='bbox 1397 1537 1427 1598; x_wconf 92' lang='lat' dir='ltr'><strong>in</strong></span> 
     </span>
     <span class='ocr_line' id='line_1_14' title="bbox 271 1633 1426 1717; baseline 0.005 -22"><span class='ocrx_word' id='word_1_114' title='bbox 271 1654 362 1696; x_wconf 86' lang='lat' dir='ltr'><strong>carne</strong></span> <span class='ocrx_word' id='word_1_115' title='bbox 383 1633 479 1717; x_wconf 90' lang='lat' dir='ltr'><strong>prolis</strong></span> <span class='ocrx_word' id='word_1_116' title='bbox 499 1639 657 1715; x_wconf 88' lang='lat' dir='ltr'><strong>tamquam</strong></span> <span class='ocrx_word' id='word_1_117' title='bbox 678 1635 876 1697; x_wconf 87' lang='lat' dir='ltr'><strong>tenacissimo</strong></span> <span class='ocrx_word' id='word_1_118' title='bbox 896 1634 1021 1698; x_wconf 83' lang='lat' dir='ltr'><strong>vinculo</strong></span> <span class='ocrx_word' id='word_1_119' title='bbox 1045 1634 1230 1717; x_wconf 80' lang='lat' dir='ltr'><strong>conligasse.</strong></span> <span class='ocrx_word' id='word_1_120' title='bbox 1269 1635 1426 1701; x_wconf 85' lang='lat' dir='ltr'><strong>Christum</strong></span> 
     </span>
     <span class='ocr_line' id='line_1_15' title="bbox 271 1735 1429 1823; baseline 0.004 -25"><span class='ocrx_word' id='word_1_121' title='bbox 271 1742 374 1798; x_wconf 87' lang='lat' dir='ltr'><strong>autern</strong></span> <span class='ocrx_word' id='word_1_122' title='bbox 390 1736 485 1798; x_wconf 81' lang='lat' dir='ltr'><strong>tuisse</strong></span> <span class='ocrx_word' id='word_1_123' title='bbox 506 1735 671 1799; x_wconf 88' lang='lat' dir='ltr'><strong>adfirmant</strong></span> <span class='ocrx_word' id='word_1_124' title='bbox 691 1756 783 1817; x_wconf 92' lang='lat' dir='ltr'><strong>quem</strong></span> <span class='ocrx_word' id='word_1_125' title='bbox 803 1736 880 1799; x_wconf 88' lang='lat' dir='ltr'><strong>dicit</strong></span> <span class='ocrx_word' id='word_1_126' title='bbox 899 1741 1006 1800; x_wconf 91' lang='lat' dir='ltr'><strong>nostra</strong></span> <span class='ocrx_word' id='word_1_127' title='bbox 1026 1739 1181 1821; x_wconf 82' lang='lat' dir='ltr'><strong>scriptura</strong></span> <span class='ocrx_word' id='word_1_128' title='bbox 1195 1744 1429 1823; x_wconf 79' lang='lat' dir='ltr'><strong>serpentem3a</strong></span> 
     </span>
     <span class='ocr_line' id='line_1_16' title="bbox 271 1837 1427 1924; baseline 0.003 -23"><span class='ocrx_word' id='word_1_129' title='bbox 271 1859 331 1920; x_wconf 93' lang='lat' dir='ltr'><strong>quo</strong></span> <span class='ocrx_word' id='word_1_130' title='bbox 347 1838 548 1902; x_wconf 86' lang='lat' dir='ltr'><strong>inluminatos</strong></span> <span class='ocrx_word' id='word_1_131' title='bbox 564 1837 712 1901; x_wconf 89' lang='lat' dir='ltr'><strong>adserunt</strong></span> <span class='ocrx_word' id='word_1_132' title='bbox 727 1858 833 1901; x_wconf 91' lang='lat' dir='ltr'><strong>eorum</strong></span> <span class='ocrx_word' id='word_1_133' title='bbox 854 1838 1036 1922; x_wconf 89' lang='lat' dir='ltr'><strong>adspectus,</strong></span> <span class='ocrx_word' id='word_1_134' title='bbox 1055 1844 1091 1901; x_wconf 90' lang='lat' dir='ltr'><strong>ut</strong></span> <span class='ocrx_word' id='word_1_135' title='bbox 1111 1838 1229 1903; x_wconf 89' lang='lat' dir='ltr'><strong>bonum</strong></span> <span class='ocrx_word' id='word_1_136' title='bbox 1249 1839 1427 1924; x_wconf 88' lang='lat' dir='ltr'><strong>malumque</strong></span> 
     </span>
     <span class='ocr_line' id='line_1_17' title="bbox 271 1939 1428 2025; baseline 0.002 -21"><span class='ocrx_word' id='word_1_137' title='bbox 271 1941 482 2022; x_wconf 87' lang='lat' dir='ltr'><strong>dinoscerent,</strong></span> <span class='ocrx_word' id='word_1_138' title='bbox 504 1961 634 2023; x_wconf 91' lang='lat' dir='ltr'><strong>eumque</strong></span> <span class='ocrx_word' id='word_1_139' title='bbox 657 1939 813 2004; x_wconf 84' lang='lat' dir='ltr'><strong>Christum</strong></span> <span class='ocrx_word' id='word_1_140' title='bbox 838 1942 1017 2004; x_wconf 87' lang='lat' dir='ltr'><strong>novissimis</strong></span> <span class='ocrx_word' id='word_1_141' title='bbox 1037 1940 1229 2025; x_wconf 85' lang='lat' dir='ltr'><strong>temporibus</strong></span> <span class='ocrx_word' id='word_1_142' title='bbox 1251 1940 1428 2024; x_wconf 86' lang='lat' dir='ltr'><strong>advenisse,</strong></span> 
     </span>
     <span class='ocr_line' id='line_1_18' title="bbox 270 2042 1428 2128; baseline 0.001 -21"><span class='ocrx_word' id='word_1_143' title='bbox 270 2043 310 2107; x_wconf 90' lang='lat' dir='ltr'><strong>ad</strong></span> <span class='ocrx_word' id='word_1_144' title='bbox 318 2047 448 2125; x_wconf 88' lang='lat' dir='ltr'><strong>animas,</strong></span> <span class='ocrx_word' id='word_1_145' title='bbox 463 2065 526 2107; x_wconf 92' lang='lat' dir='ltr'><strong>non</strong></span> <span class='ocrx_word' id='word_1_146' title='bbox 538 2043 577 2107; x_wconf 91' lang='lat' dir='ltr'><strong>ad</strong></span> <span class='ocrx_word' id='word_1_147' title='bbox 593 2064 720 2128; x_wconf 90' lang='lat' dir='ltr'><strong>corpora</strong></span> <span class='ocrx_word' id='word_1_148' title='bbox 734 2042 904 2108; x_wconf 89' lang='lat' dir='ltr'><strong>liberanda.</strong></span> <span class='ocrx_word' id='word_1_149' title='bbox 927 2042 991 2107; x_wconf 88' lang='lat' dir='ltr'><strong>Nec</strong></span> <span class='ocrx_word' id='word_1_150' title='bbox 1006 2044 1102 2106; x_wconf 87' lang='lat' dir='ltr'><strong>fuisse</strong></span> <span class='ocrx_word' id='word_1_151' title='bbox 1117 2045 1150 2106; x_wconf 95' lang='lat' dir='ltr'><strong>in</strong></span> <span class='ocrx_word' id='word_1_152' title='bbox 1166 2063 1260 2107; x_wconf 88' lang='lat' dir='ltr'><strong>carne</strong></span> <span class='ocrx_word' id='word_1_153' title='bbox 1271 2064 1360 2126; x_wconf 87' lang='lat' dir='ltr'><strong>vera,</strong></span> <span class='ocrx_word' id='word_1_154' title='bbox 1373 2043 1428 2108; x_wconf 87' lang='lat' dir='ltr'><strong>scd</strong></span> 
     </span>
     <span class='ocr_line' id='line_1_19' title="bbox 271 2143 1427 2231; baseline 0.001 -22"><span class='ocrx_word' id='word_1_155' title='bbox 271 2147 446 2210; x_wconf 87' lang='lat' dir='ltr'><strong>simulatam</strong></span> <span class='ocrx_word' id='word_1_156' title='bbox 454 2148 592 2231; x_wconf 88' lang='lat' dir='ltr'><strong>speciem</strong></span> <span class='ocrx_word' id='word_1_157' title='bbox 604 2148 706 2209; x_wconf 89' lang='lat' dir='ltr'><strong>carnis</strong></span> <span class='ocrx_word' id='word_1_158' title='bbox 719 2145 916 2209; x_wconf 84' lang='lat' dir='ltr'><strong>ludificandis</strong></span> <span class='ocrx_word' id='word_1_159' title='bbox 927 2143 1072 2209; x_wconf 89' lang='lat' dir='ltr'><strong>humanis</strong></span> <span class='ocrx_word' id='word_1_160' title='bbox 1080 2147 1227 2210; x_wconf 86' lang='lat' dir='ltr'><strong>sensibus</strong></span> <span class='ocrx_word' id='word_1_161' title='bbox 1236 2147 1427 2230; x_wconf 84' lang='lat' dir='ltr'><strong>praebuisse,</strong></span> 
     </span>
     <span class='ocr_line' id='line_1_20' title="bbox 269 2247 1426 2330; baseline 0.001 -18"><span class='ocrx_word' id='word_1_162' title='bbox 269 2250 324 2314; x_wconf 94' lang='lat' dir='ltr'><strong>ubi</strong></span> <span class='ocrx_word' id='word_1_163' title='bbox 338 2270 400 2313; x_wconf 92' lang='lat' dir='ltr'><strong>non</strong></span> <span class='ocrx_word' id='word_1_164' title='bbox 409 2249 509 2312; x_wconf 90' lang='lat' dir='ltr'><strong>solum</strong></span> <span class='ocrx_word' id='word_1_165' title='bbox 523 2255 665 2330; x_wconf 89' lang='lat' dir='ltr'><strong>mortem,</strong></span> <span class='ocrx_word' id='word_1_166' title='bbox 680 2268 788 2312; x_wconf 85' lang='lat' dir='ltr'><strong>verum</strong></span> <span class='ocrx_word' id='word_1_167' title='bbox 803 2248 897 2311; x_wconf 88' lang='lat' dir='ltr'><strong>etiam</strong></span> <span class='ocrx_word' id='word_1_168' title='bbox 911 2250 1170 2312; x_wconf 88' lang='lat' dir='ltr'><strong>resurrectionem</strong></span> <span class='ocrx_word' id='word_1_169' title='bbox 1181 2247 1330 2312; x_wconf 88' lang='lat' dir='ltr'><strong>similiter</strong></span> <span class='ocrx_word' id='word_1_170' title='bbox 1339 2269 1426 2313; x_wconf 88' lang='lat' dir='ltr'><strong>men·</strong></span> 
     </span>
     <span class='ocr_line' id='line_1_21' title="bbox 269 2349 1426 2436; baseline 0 -21"><span class='ocrx_word' id='word_1_171' title='bbox 269 2355 388 2416; x_wconf 90' lang='lat' dir='ltr'><strong>tiretur.</strong></span> <span class='ocrx_word' id='word_1_172' title='bbox 410 2351 521 2431; x_wconf 91' lang='lat' dir='ltr'><strong>Deum,</strong></span> <span class='ocrx_word' id='word_1_173' title='bbox 537 2352 589 2433; x_wconf 88' lang='lat' dir='ltr'><strong>qni</strong></span> <span class='ocrx_word' id='word_1_174' title='bbox 604 2351 704 2433; x_wconf 81' lang='lat' dir='ltr'><strong>legem</strong></span> <span class='ocrx_word' id='word_1_175' title='bbox 718 2371 773 2434; x_wconf 91' lang='lat' dir='ltr'><strong>per</strong></span> <span class='ocrx_word' id='word_1_176' title='bbox 787 2349 915 2433; x_wconf 87' lang='lat' dir='ltr'><strong>Moysen</strong></span> <span class='ocrx_word' id='word_1_177' title='bbox 931 2350 1027 2431; x_wconf 90' lang='lat' dir='ltr'><strong>dedit,</strong></span> <span class='ocrx_word' id='word_1_178' title='bbox 1043 2356 1074 2414; x_wconf 92' lang='lat' dir='ltr'><strong>et</strong></span> <span class='ocrx_word' id='word_1_179' title='bbox 1084 2351 1116 2414; x_wconf 95' lang='lat' dir='ltr'><strong>in</strong></span> <span class='ocrx_word' id='word_1_180' title='bbox 1128 2350 1426 2436; x_wconf 79' lang='lat' dir='ltr'><strong>liebreeis&#39;prophe-</strong></span> 
     </span>
     <span class='ocr_line' id='line_1_22' title="bbox 270 2452 1426 2538; baseline 0 -20"><span class='ocrx_word' id='word_1_181' title='bbox 270 2457 310 2518; x_wconf 91' lang='lat' dir='ltr'><strong>tis</strong></span> <span class='ocrx_word' id='word_1_182' title='bbox 326 2454 447 2518; x_wconf 88' lang='lat' dir='ltr'><strong>locutus</strong></span> <span class='ocrx_word' id='word_1_183' title='bbox 463 2460 520 2535; x_wconf 89' lang='lat' dir='ltr'><strong>est,</strong></span> <span class='ocrx_word' id='word_1_184' title='bbox 536 2475 598 2517; x_wconf 95' lang='lat' dir='ltr'><strong>non</strong></span> <span class='ocrx_word' id='word_1_185' title='bbox 615 2474 682 2517; x_wconf 90' lang='lat' dir='ltr'><strong>esse</strong></span> <span class='ocrx_word' id='word_1_186' title='bbox 699 2453 791 2516; x_wconf 90' lang='lat' dir='ltr'><strong>deum</strong></span> <span class='ocrx_word' id='word_1_187' title='bbox 806 2472 925 2534; x_wconf 90' lang='lat' dir='ltr'><strong>verum,</strong></span> <span class='ocrx_word' id='word_1_188' title='bbox 940 2452 995 2516; x_wconf 88' lang='lat' dir='ltr'><strong>sed</strong></span> <span class='ocrx_word' id='word_1_189' title='bbox 1010 2473 1108 2517; x_wconf 90' lang='lat' dir='ltr'><strong>unum</strong></span> <span class='ocrx_word' id='word_1_190' title='bbox 1122 2472 1161 2515; x_wconf 83' lang='lat' dir='ltr'><strong>ex</strong></span> <span class='ocrx_word' id='word_1_191' title='bbox 1172 2454 1370 2538; x_wconf 86' lang='lat' dir='ltr'><strong>principibus</strong></span> <span class='ocrx_word' id='word_1_192' title='bbox 1380 2460 1426 2517; x_wconf 89' lang='lat' dir='ltr'><strong>te·</strong></span> 
     </span>
     <span class='ocr_line' id='line_1_23' title="bbox 270 2555 1425 2640; baseline 0 -19"><span class='ocrx_word' id='word_1_193' title='bbox 270 2556 437 2620; x_wconf 91' lang='lat' dir='ltr'><strong>nebrarum</strong></span> <span class='ocrx_word' id='word_1_194' title='bbox 458 2556 631 2619; x_wconf 85' lang='lat' dir='ltr'><strong>adfirmant.</strong></span> <span class='ocrx_word' id='word_1_195' title='bbox 668 2556 832 2640; x_wconf 90' lang='lat' dir='ltr'><strong>Ipsiusque</strong></span> <span class='ocrx_word' id='word_1_196' title='bbox 854 2556 1035 2619; x_wconf 88' lang='lat' dir='ltr'><strong>testamenti</strong></span> <span class='ocrx_word' id='word_1_197' title='bbox 1056 2557 1129 2619; x_wconf 86' lang='lat' dir='ltr'><strong>novi</strong></span> <span class='ocrx_word' id='word_1_198' title='bbox 1151 2555 1325 2639; x_wconf 85' lang='lat' dir='ltr'><strong>scripturas</strong></span> <span class='ocrx_word' id='word_1_199' title='bbox 1347 2561 1425 2621; x_wconf 81' lang='lat' dir='ltr'><strong>tanr-</strong></span> 
     </span>
     <span class='ocr_line' id='line_1_24' title="bbox 270 2656 1425 2742; baseline 0.001 -20"><span class='ocrx_word' id='word_1_200' title='bbox 270 2681 363 2742; x_wconf 85' lang='lat' dir='ltr'><strong>quam</strong></span> <span class='ocrx_word' id='word_1_201' title='bbox 379 2659 506 2722; x_wconf 86' lang='lat' dir='ltr'><strong>falsatas</strong></span> <span class='ocrx_word' id='word_1_202' title='bbox 522 2660 566 2721; x_wconf 91' lang='lat' dir='ltr'><strong>ita</strong></span> <span class='ocrx_word' id='word_1_203' title='bbox 580 2657 701 2740; x_wconf 80' lang='lat' dir='ltr'><strong>legunt,</strong></span> <span class='ocrx_word' id='word_1_204' title='bbox 721 2664 756 2721; x_wconf 93' lang='lat' dir='ltr'><strong>ut</strong></span> <span class='ocrx_word' id='word_1_205' title='bbox 771 2657 854 2741; x_wconf 90' lang='lat' dir='ltr'><strong>quod</strong></span> <span class='ocrx_word' id='word_1_206' title='bbox 867 2656 977 2721; x_wconf 86' lang='lat' dir='ltr'><strong>volunt</strong></span> <span class='ocrx_word' id='word_1_207' title='bbox 991 2656 1064 2721; x_wconf 89' lang='lat' dir='ltr'><strong>inde</strong></span> <span class='ocrx_word' id='word_1_208' title='bbox 1080 2659 1252 2742; x_wconf 87' lang='lat' dir='ltr'><strong>accipiant,</strong></span> <span class='ocrx_word' id='word_1_209' title='bbox 1272 2657 1358 2742; x_wconf 92' lang='lat' dir='ltr'><strong>quod</strong></span> <span class='ocrx_word' id='word_1_210' title='bbox 1371 2679 1425 2723; x_wconf 90' lang='lat' dir='ltr'><strong>no·</strong></span> 
     </span>
     <span class='ocr_line' id='line_1_25' title="bbox 270 2760 1427 2846; baseline 0 -21"><span class='ocrx_word' id='word_1_211' title='bbox 270 2762 339 2825; x_wconf 87' lang='lat' dir='ltr'><strong>lunt</strong></span> <span class='ocrx_word' id='word_1_212' title='bbox 353 2764 510 2846; x_wconf 86' lang='lat' dir='ltr'><strong>rciieiant;</strong></span> <span class='ocrx_word' id='word_1_213' title='bbox 533 2763 638 2843; x_wconf 89' lang='lat' dir='ltr'><strong>eisque</strong></span> <span class='ocrx_word' id='word_1_214' title='bbox 659 2766 819 2844; x_wconf 88' lang='lat' dir='ltr'><strong>tamquam</strong></span> <span class='ocrx_word' id='word_1_215' title='bbox 840 2766 939 2824; x_wconf 89' lang='lat' dir='ltr'><strong>totum</strong></span> <span class='ocrx_word' id='word_1_216' title='bbox 958 2780 1067 2824; x_wconf 88' lang='lat' dir='ltr'><strong>verum</strong></span> <span class='ocrx_word' id='word_1_217' title='bbox 1086 2760 1240 2824; x_wconf 87' lang='lat' dir='ltr'><strong>habentes</strong></span> <span class='ocrx_word' id='word_1_218' title='bbox 1260 2760 1427 2825; x_wconf 83' lang='lat' dir='ltr'><strong>nonnullas</strong></span> 
     </span>
     <span class='ocr_line' id='line_1_26' title="bbox 270 2862 1427 2950; baseline 0 -22"><span class='ocrx_word' id='word_1_219' title='bbox 270 2863 462 2950; x_wconf 71' lang='lat' dir='ltr'><strong>apocryphas</strong></span> <span class='ocrx_word' id='word_1_220' title='bbox 477 2868 680 2947; x_wconf 87' lang='lat' dir='ltr'><strong>anteponunt.</strong></span> <span class='ocrx_word' id='word_1_221' title='bbox 716 2863 959 2927; x_wconf 87' lang='lat' dir='ltr'><strong>Promissionem</strong></span> <span class='ocrx_word' id='word_1_222' title='bbox 979 2863 1097 2927; x_wconf 91' lang='lat' dir='ltr'><strong>domini</strong></span> <span class='ocrx_word' id='word_1_223' title='bbox 1112 2864 1211 2927; x_wconf 88' lang='lat' dir='ltr'><strong>nostri</strong></span> <span class='ocrx_word' id='word_1_224' title='bbox 1225 2862 1299 2927; x_wconf 89' lang='lat' dir='ltr'><strong>Iesu</strong></span> <span class='ocrx_word' id='word_1_225' title='bbox 1314 2863 1427 2928; x_wconf 83' lang='lat' dir='ltr'><strong>Christi</strong></span> 
     </span>
     <span class='ocr_line' id='line_1_27' title="bbox 271 2964 1425 3051; baseline 0 -20"><span class='ocrx_word' id='word_1_226' title='bbox 271 2969 308 3031; x_wconf 91' lang='lat' dir='ltr'><strong>do</strong></span> <span class='ocrx_word' id='word_1_227' title='bbox 324 2966 472 3051; x_wconf 87' lang='lat' dir='ltr'><strong>paraclito</strong></span> <span class='ocrx_word' id='word_1_228' title='bbox 487 2969 519 3029; x_wconf 90' lang='lat' dir='ltr'><strong>in</strong></span> <span class='ocrx_word' id='word_1_229' title='bbox 535 2987 589 3029; x_wconf 85' lang='lat' dir='ltr'><strong>suo</strong></span> <span class='ocrx_word' id='word_1_230' title='bbox 605 2964 821 3029; x_wconf 88' lang='lat' dir='ltr'><strong>haeresiarche</strong></span> <span class='ocrx_word' id='word_1_231' title='bbox 836 2965 1017 3029; x_wconf 88' lang='lat' dir='ltr'><strong>Manichaeo</strong></span> <span class='ocrx_word' id='word_1_232' title='bbox 1029 2965 1138 3030; x_wconf 90' lang='lat' dir='ltr'><strong>dicunt</strong></span> <span class='ocrx_word' id='word_1_233' title='bbox 1148 2984 1218 3037; x_wconf 80' lang='lat' dir='ltr'><strong>‚esse</strong></span> <span class='ocrx_word' id='word_1_234' title='bbox 1231 2965 1425 3051; x_wconf 74' lang='lat' dir='ltr'><strong>completam.</strong></span> 
     </span>
     <span class='ocr_line' id='line_1_28' title="bbox 269 3066 1426 3153; baseline 0.001 -20"><span class='ocrx_word' id='word_1_235' title='bbox 269 3070 360 3133; x_wconf 80' lang='lat' dir='ltr'><strong>Unde</strong></span> <span class='ocrx_word' id='word_1_236' title='bbox 377 3091 409 3133; x_wconf 87' lang='lat' dir='ltr'><strong>se</strong></span> <span class='ocrx_word' id='word_1_237' title='bbox 426 3072 491 3153; x_wconf 89' lang='lat' dir='ltr'><strong>ipse</strong></span> <span class='ocrx_word' id='word_1_238' title='bbox 508 3071 540 3132; x_wconf 93' lang='lat' dir='ltr'><strong>in</strong></span> <span class='ocrx_word' id='word_1_239' title='bbox 556 3070 619 3132; x_wconf 90' lang='lat' dir='ltr'><strong>suis</strong></span> <span class='ocrx_word' id='word_1_240' title='bbox 636 3068 747 3131; x_wconf 87' lang='lat' dir='ltr'><strong>litteris</strong></span> <span class='ocrx_word' id='word_1_241' title='bbox 761 3068 832 3132; x_wconf 82' lang='lat' dir='ltr'><strong>lesu</strong></span> <span class='ocrx_word' id='word_1_242' title='bbox 848 3067 962 3132; x_wconf 89' lang='lat' dir='ltr'><strong>Christi</strong></span> <span class='ocrx_word' id='word_1_243' title='bbox 983 3067 1157 3153; x_wconf 88' lang='lat' dir='ltr'><strong>apostolum</strong></span> <span class='ocrx_word' id='word_1_244' title='bbox 1179 3066 1272 3148; x_wconf 87' lang='lat' dir='ltr'><strong>dicit,</strong></span> <span class='ocrx_word' id='word_1_245' title='bbox 1293 3088 1331 3134; x_wconf 87' lang='lat' dir='ltr'><strong>eo</strong></span> <span class='ocrx_word' id='word_1_246' title='bbox 1346 3067 1426 3152; x_wconf 88' lang='lat' dir='ltr'><strong>qnod</strong></span> 
     </span>
     <span class='ocr_line' id='line_1_29' title="bbox 270 3169 1426 3257; baseline 0.001 -22"><span class='ocrx_word' id='word_1_247' title='bbox 270 3173 357 3235; x_wconf 88' lang='lat' dir='ltr'><strong>Iesus</strong></span> <span class='ocrx_word' id='word_1_248' title='bbox 374 3172 514 3235; x_wconf 88' lang='lat' dir='ltr'><strong>Christus</strong></span> <span class='ocrx_word' id='word_1_249' title='bbox 531 3192 563 3234; x_wconf 87' lang='lat' dir='ltr'><strong>se</strong></span> <span class='ocrx_word' id='word_1_250' title='bbox 580 3191 651 3233; x_wconf 89' lang='lat' dir='ltr'><strong>eum</strong></span> <span class='ocrx_word' id='word_1_251' title='bbox 665 3173 834 3234; x_wconf 88' lang='lat' dir='ltr'><strong>missurum</strong></span> <span class='ocrx_word' id='word_1_252' title='bbox 849 3191 918 3234; x_wconf 88' lang='lat' dir='ltr'><strong>esse</strong></span> <span class='ocrx_word' id='word_1_253' title='bbox 933 3171 1124 3255; x_wconf 84' lang='lat' dir='ltr'><strong>promiserit3</strong></span> <span class='ocrx_word' id='word_1_254' title='bbox 1140 3177 1172 3234; x_wconf 88' lang='lat' dir='ltr'><strong>et</strong></span> <span class='ocrx_word' id='word_1_255' title='bbox 1187 3169 1256 3234; x_wconf 84' lang='lat' dir='ltr'><strong>idco</strong></span> <span class='ocrx_word' id='word_1_256' title='bbox 1268 3173 1337 3236; x_wconf 89' lang='lat' dir='ltr'><strong>eius</strong></span> <span class='ocrx_word' id='word_1_257' title='bbox 1353 3193 1426 3257; x_wconf 87' lang='lat' dir='ltr'><strong>apo-</strong></span> 
     </span>
     <span class='ocr_line' id='line_1_30' title="bbox 272 3273 1427 3358; baseline 0.001 -21"><span class='ocrx_word' id='word_1_258' title='bbox 272 3275 379 3354; x_wconf 82' lang='lat' dir='ltr'><strong>stolae,</strong></span> <span class='ocrx_word' id='word_1_259' title='bbox 396 3276 468 3355; x_wconf 89' lang='lat' dir='ltr'><strong>quia</strong></span> <span class='ocrx_word' id='word_1_260' title='bbox 484 3276 515 3336; x_wconf 91' lang='lat' dir='ltr'><strong>in</strong></span> <span class='ocrx_word' id='word_1_261' title='bbox 532 3294 567 3336; x_wconf 91' lang='lat' dir='ltr'><strong>oo</strong></span> <span class='ocrx_word' id='word_1_262' title='bbox 583 3275 700 3337; x_wconf 86' lang='lat' dir='ltr'><strong>missus</strong></span> <span class='ocrx_word' id='word_1_263' title='bbox 716 3275 757 3336; x_wconf 89' lang='lat' dir='ltr'><strong>sit</strong></span> <span class='ocrx_word' id='word_1_264' title='bbox 772 3274 900 3356; x_wconf 90' lang='lat' dir='ltr'><strong>spiritus</strong></span> <span class='ocrx_word' id='word_1_265' title='bbox 917 3277 1053 3337; x_wconf 88' lang='lat' dir='ltr'><strong>sanctus.</strong></span> <span class='ocrx_word' id='word_1_266' title='bbox 1086 3273 1218 3358; x_wconf 91' lang='lat' dir='ltr'><strong>Propter</strong></span> <span class='ocrx_word' id='word_1_267' title='bbox 1233 3273 1427 3357; x_wconf 87' lang='lat' dir='ltr'><strong>quodetiam</strong></span> 
     </span>
     <span class='ocr_line' id='line_1_31' title="bbox 272 3373 1427 3460; baseline 0.001 -20"><span class='ocrx_word' id='word_1_268' title='bbox 272 3380 338 3460; x_wconf 91' lang='lat' dir='ltr'><strong>ipso</strong></span> <span class='ocrx_word' id='word_1_269' title='bbox 352 3374 552 3440; x_wconf 87' lang='lat' dir='ltr'><strong>Manichaeus</strong></span> <span class='ocrx_word' id='word_1_270' title='bbox 568 3376 732 3439; x_wconf 88' lang='lat' dir='ltr'><strong>duodecim</strong></span> <span class='ocrx_word' id='word_1_271' title='bbox 747 3375 914 3460; x_wconf 87' lang='lat' dir='ltr'><strong>discipulos</strong></span> <span class='ocrx_word' id='word_1_272' title='bbox 930 3373 1054 3455; x_wconf 86' lang='lat' dir='ltr'><strong>habuit,</strong></span> <span class='ocrx_word' id='word_1_273' title='bbox 1076 3378 1174 3438; x_wconf 84' lang='lat' dir='ltr'><strong>instar</strong></span> <span class='ocrx_word' id='word_1_274' title='bbox 1189 3376 1355 3460; x_wconf 88' lang='lat' dir='ltr'><strong>apostolici</strong></span> <span class='ocrx_word' id='word_1_275' title='bbox 1369 3397 1427 3441; x_wconf 91' lang='lat' dir='ltr'><strong>nu·</strong></span> 
     </span>
     <span class='ocr_line' id='line_1_32' title="bbox 270 3475 1428 3562; baseline 0 -19"><span class='ocrx_word' id='word_1_276' title='bbox 270 3483 360 3561; x_wconf 90' lang='lat' dir='ltr'><strong>meri,</strong></span> <span class='ocrx_word' id='word_1_277' title='bbox 376 3499 468 3562; x_wconf 91' lang='lat' dir='ltr'><strong>quem</strong></span> <span class='ocrx_word' id='word_1_278' title='bbox 483 3499 646 3542; x_wconf 90' lang='lat' dir='ltr'><strong>numerum</strong></span> <span class='ocrx_word' id='word_1_279' title='bbox 661 3477 834 3542; x_wconf 86' lang='lat' dir='ltr'><strong>Manichaei</strong></span> <span class='ocrx_word' id='word_1_280' title='bbox 849 3477 1004 3560; x_wconf 91' lang='lat' dir='ltr'><strong>hodieque</strong></span> <span class='ocrx_word' id='word_1_281' title='bbox 1020 3475 1208 3541; x_wconf 88' lang='lat' dir='ltr'><strong>custodiunt.</strong></span> <span class='ocrx_word' id='word_1_282' title='bbox 1244 3478 1329 3545; x_wconf 85' lang='lat' dir='ltr'><strong>Nam</strong></span> <span class='ocrx_word' id='word_1_283' title='bbox 1344 3485 1377 3543; x_wconf 86' lang='lat' dir='ltr'><strong>et</strong></span> <span class='ocrx_word' id='word_1_284' title='bbox 1390 3498 1428 3543; x_wconf 81' lang='lat' dir='ltr'><strong>ox</strong></span> 
     </span>
     <span class='ocr_line' id='line_1_33' title="bbox 272 3579 1429 3665; baseline 0.002 -20"><span class='ocrx_word' id='word_1_285' title='bbox 272 3583 379 3646; x_wconf 88' lang='lat' dir='ltr'><strong>electis</strong></span> <span class='ocrx_word' id='word_1_286' title='bbox 396 3583 460 3645; x_wconf 90' lang='lat' dir='ltr'><strong>suis</strong></span> <span class='ocrx_word' id='word_1_287' title='bbox 476 3580 594 3644; x_wconf 90' lang='lat' dir='ltr'><strong>habent</strong></span> <span class='ocrx_word' id='word_1_288' title='bbox 609 3581 771 3645; x_wconf 87' lang='lat' dir='ltr'><strong>duodecim</strong></span> <span class='ocrx_word' id='word_1_289' title='bbox 788 3601 864 3663; x_wconf 91' lang='lat' dir='ltr'><strong>quos</strong></span> <span class='ocrx_word' id='word_1_290' title='bbox 880 3579 1039 3665; x_wconf 89' lang='lat' dir='ltr'><strong>appellant</strong></span> <span class='ocrx_word' id='word_1_291' title='bbox 1051 3581 1233 3662; x_wconf 88' lang='lat' dir='ltr'><strong>magistros,</strong></span> <span class='ocrx_word' id='word_1_292' title='bbox 1253 3586 1286 3645; x_wconf 85' lang='lat' dir='ltr'><strong>et</strong></span> <span class='ocrx_word' id='word_1_293' title='bbox 1299 3583 1429 3647; x_wconf 89' lang='lat' dir='ltr'><strong>tertium</strong></span> 
     </span>
     <span class='ocr_line' id='line_1_34' title="bbox 272 3681 1428 3768; baseline 0 -20"><span class='ocrx_word' id='word_1_294' title='bbox 272 3686 425 3749; x_wconf 85' lang='lat' dir='ltr'><strong>decimum</strong></span> <span class='ocrx_word' id='word_1_295' title='bbox 441 3686 614 3768; x_wconf 89' lang='lat' dir='ltr'><strong>principem</strong></span> <span class='ocrx_word' id='word_1_296' title='bbox 629 3687 777 3767; x_wconf 88' lang='lat' dir='ltr'><strong>ipserum,</strong></span> <span class='ocrx_word' id='word_1_297' title='bbox 792 3685 953 3768; x_wconf 89' lang='lat' dir='ltr'><strong>episcopos</strong></span> <span class='ocrx_word' id='word_1_298' title='bbox 969 3688 1073 3745; x_wconf 87' lang='lat' dir='ltr'><strong>autem</strong></span> <span class='ocrx_word' id='word_1_299' title='bbox 1087 3681 1199 3747; x_wconf 88' lang='lat' dir='ltr'>LXXII</span> <span class='ocrx_word' id='word_1_300' title='bbox 1209 3685 1264 3766; x_wconf 91' lang='lat' dir='ltr'><strong>qui</strong></span> <span class='ocrx_word' id='word_1_301' title='bbox 1278 3683 1428 3749; x_wconf 88' lang='lat' dir='ltr'><strong>ordinan-</strong></span> 
     </span>
     <span class='ocr_line' id='line_1_35' title="bbox 272 3785 1428 3872; baseline 0 -21"><span class='ocrx_word' id='word_1_302' title='bbox 272 3795 322 3851; x_wconf 89' lang='lat' dir='ltr'><strong>tur</strong></span> <span class='ocrx_word' id='word_1_303' title='bbox 336 3809 354 3850; x_wconf 88' lang='lat' dir='ltr'><strong>a</strong></span> <span class='ocrx_word' id='word_1_304' title='bbox 368 3789 541 3869; x_wconf 82' lang='lat' dir='ltr'><strong>magistris,</strong></span> <span class='ocrx_word' id='word_1_305' title='bbox 563 3792 594 3848; x_wconf 90' lang='lat' dir='ltr'><strong>ct</strong></span> <span class='ocrx_word' id='word_1_306' title='bbox 608 3785 824 3870; x_wconf 85' lang='lat' dir='ltr'><strong>presbyteros,</strong></span> <span class='ocrx_word' id='word_1_307' title='bbox 845 3787 896 3872; x_wconf 91' lang='lat' dir='ltr'><strong>qui</strong></span> <span class='ocrx_word' id='word_1_308' title='bbox 918 3785 1101 3849; x_wconf 89' lang='lat' dir='ltr'><strong>ordinantur</strong></span> <span class='ocrx_word' id='word_1_309' title='bbox 1120 3785 1160 3849; x_wconf 88' lang='lat' dir='ltr'><strong>ab</strong></span> <span class='ocrx_word' id='word_1_310' title='bbox 1176 3787 1349 3871; x_wconf 88' lang='lat' dir='ltr'><strong>episcopis,</strong></span> <span class='ocrx_word' id='word_1_311' title='bbox 1369 3807 1428 3851; x_wconf 89' lang='lat' dir='ltr'><strong>nn·</strong></span> 
     </span>
     <span class='ocr_line' id='line_1_36' title="bbox 271 3887 1428 3972; baseline 0.001 -19"><span class='ocrx_word' id='word_1_312' title='bbox 271 3893 349 3953; x_wconf 88' lang='lat' dir='ltr'><strong>meri</strong></span> <span class='ocrx_word' id='word_1_313' title='bbox 364 3889 528 3953; x_wconf 84' lang='lat' dir='ltr'><strong>indefiniti.</strong></span> <span class='ocrx_word' id='word_1_314' title='bbox 565 3888 691 3952; x_wconf 88' lang='lat' dir='ltr'><strong>Habent</strong></span> <span class='ocrx_word' id='word_1_315' title='bbox 705 3890 799 3951; x_wconf 90' lang='lat' dir='ltr'><strong>etiam</strong></span> <span class='ocrx_word' id='word_1_316' title='bbox 814 3889 951 3972; x_wconf 88' lang='lat' dir='ltr'><strong>episcopi</strong></span> <span class='ocrx_word' id='word_1_317' title='bbox 968 3887 1125 3951; x_wconf 88' lang='lat' dir='ltr'><strong>diaconos.</strong></span> <span class='ocrx_word' id='word_1_318' title='bbox 1161 3887 1230 3953; x_wconf 86' lang='lat' dir='ltr'><strong>Iam</strong></span> <span class='ocrx_word' id='word_1_319' title='bbox 1244 3891 1344 3953; x_wconf 86' lang='lat' dir='ltr'><strong>ceteri</strong></span> <span class='ocrx_word' id='word_1_320' title='bbox 1357 3896 1428 3955; x_wconf 80' lang='lat' dir='ltr'><strong>tan·</strong></span> 
     </span>
     <span class='ocr_line' id='line_1_37' title="bbox 271 3989 1429 4074; baseline 0.003 -20"><span class='ocrx_word' id='word_1_321' title='bbox 271 3993 429 4056; x_wconf 89' lang='lat' dir='ltr'><strong>tummodo</strong></span> <span class='ocrx_word' id='word_1_322' title='bbox 446 3991 536 4054; x_wconf 88' lang='lat' dir='ltr'><strong>electi</strong></span> <span class='ocrx_word' id='word_1_323' title='bbox 552 3996 709 4054; x_wconf 88' lang='lat' dir='ltr'><strong>vocantur.</strong></span> <span class='ocrx_word' id='word_1_324' title='bbox 747 3989 809 4054; x_wconf 88' lang='lat' dir='ltr'><strong>Sed</strong></span> <span class='ocrx_word' id='word_1_325' title='bbox 823 3992 990 4054; x_wconf 89' lang='lat' dir='ltr'><strong>mittuntur</strong></span> <span class='ocrx_word' id='word_1_326' title='bbox 1005 3989 1100 4054; x_wconf 86' lang='lat' dir='ltr'><strong>etiarn</strong></span> <span class='ocrx_word' id='word_1_327' title='bbox 1115 3991 1192 4073; x_wconf 87' lang='lat' dir='ltr'><strong>ipsi,</strong></span> <span class='ocrx_word' id='word_1_328' title='bbox 1212 3991 1267 4074; x_wconf 91' lang='lat' dir='ltr'><strong>qui</strong></span> <span class='ocrx_word' id='word_1_329' title='bbox 1281 3989 1429 4057; x_wconf 86' lang='lat' dir='ltr'><strong>videntur</strong></span> 
     </span>
     <span class='ocr_line' id='line_1_38' title="bbox 271 4091 1429 4176; baseline 0.001 -18"><span class='ocrx_word' id='word_1_330' title='bbox 271 4095 385 4176; x_wconf 91' lang='lat' dir='ltr'><strong>idonei,</strong></span> <span class='ocrx_word' id='word_1_331' title='bbox 400 4095 439 4158; x_wconf 90' lang='lat' dir='ltr'><strong>ad</strong></span> <span class='ocrx_word' id='word_1_332' title='bbox 455 4092 537 4156; x_wconf 88' lang='lat' dir='ltr'><strong>hune</strong></span> <span class='ocrx_word' id='word_1_333' title='bbox 554 4112 703 4172; x_wconf 91' lang='lat' dir='ltr'><strong>errorem,</strong></span> <span class='ocrx_word' id='word_1_334' title='bbox 723 4093 772 4157; x_wconf 83' lang='lat' dir='ltr'><strong>rel</strong></span> <span class='ocrx_word' id='word_1_335' title='bbox 792 4092 847 4156; x_wconf 92' lang='lat' dir='ltr'><strong>ubi</strong></span> <span class='ocrx_word' id='word_1_336' title='bbox 867 4097 915 4155; x_wconf 88' lang='lat' dir='ltr'><strong>est</strong></span> <span class='ocrx_word' id='word_1_337' title='bbox 930 4091 1208 4174; x_wconf 83' lang='lat' dir='ltr'><strong>augmentandum,</strong></span> <span class='ocrx_word' id='word_1_338' title='bbox 1229 4091 1280 4158; x_wconf 87' lang='lat' dir='ltr'><strong>vel</strong></span> <span class='ocrx_word' id='word_1_339' title='bbox 1296 4094 1352 4159; x_wconf 90' lang='lat' dir='ltr'><strong>ubi</strong></span> <span class='ocrx_word' id='word_1_340' title='bbox 1365 4115 1429 4159; x_wconf 93' lang='lat' dir='ltr'><strong>non</strong></span> 
     </span>
     <span class='ocr_line' id='line_1_39' title="bbox 272 4193 1427 4281; baseline 0.002 -20"><span class='ocrx_word' id='word_1_341' title='bbox 272 4203 320 4261; x_wconf 87' lang='lat' dir='ltr'><strong>est</strong></span> <span class='ocrx_word' id='word_1_342' title='bbox 335 4196 561 4261; x_wconf 85' lang='lat' dir='ltr'><strong>seminandum.</strong></span> <span class='ocrx_word' id='word_1_343' title='bbox 589 4195 782 4280; x_wconf 87' lang='lat' dir='ltr'><strong>Baptismum</strong></span> <span class='ocrx_word' id='word_1_344' title='bbox 797 4197 830 4257; x_wconf 94' lang='lat' dir='ltr'><strong>in</strong></span> <span class='ocrx_word' id='word_1_345' title='bbox 846 4215 926 4277; x_wconf 86' lang='lat' dir='ltr'><strong>aqua</strong></span> <span class='ocrx_word' id='word_1_346' title='bbox 940 4193 1018 4258; x_wconf 93' lang='lat' dir='ltr'><strong>nihil</strong></span> <span class='ocrx_word' id='word_1_347' title='bbox 1033 4197 1178 4279; x_wconf 87' lang='lat' dir='ltr'><strong>cuiquam</strong></span> <span class='ocrx_word' id='word_1_348' title='bbox 1192 4194 1364 4281; x_wconf 86' lang='lat' dir='ltr'><strong>perhibent</strong></span> <span class='ocrx_word' id='word_1_349' title='bbox 1377 4218 1427 4263; x_wconf 80' lang='lat' dir='ltr'><strong>se·</strong></span> 
     </span>
    </p>
   </div>
   <div class='ocr_carea' id='block_1_3' title="bbox 271 4449 1428 4591">
    <p class='ocr_par' dir='ltr' id='par_1_3' title="bbox 271 4449 1428 4591">
     <span class='ocr_line' id='line_1_40' title="bbox 322 4449 1428 4520; baseline 0.005 -18"><span class='ocrx_word' id='word_1_350' title='bbox 322 4451 346 4505; x_wconf 81' lang='lat'><strong>7.</strong></span> <span class='ocrx_word' id='word_1_351' title='bbox 360 4451 465 4514; x_wconf 87' lang='lat' dir='ltr'><strong>ducere,</strong></span> <span class='ocrx_word' id='word_1_352' title='bbox 482 4455 508 4502; x_wconf 89' lang='lat' dir='ltr'><strong>et</strong></span> <span class='ocrx_word' id='word_1_353' title='bbox 519 4452 556 4503; x_wconf 90' lang='lat' dir='ltr'><strong>sie</strong></span> <span class='ocrx_word' id='word_1_354' title='bbox 572 4455 677 4502; x_wconf 85' lang='lat' dir='ltr'><strong>utantur</strong></span> <span class='ocrx_word' id='word_1_355' title='bbox 688 4450 743 4506; x_wconf 83' lang='lat' dir='ltr'><strong>MS.</strong></span> <span class='ocrx_word' id='word_1_356' title='bbox 758 4451 826 4520; x_wconf 75' lang='lat' dir='ltr'><strong>dep.</strong></span> <span class='ocrx_word' id='word_1_357' title='bbox 838 4449 939 4502; x_wconf 88' lang='lat' dir='ltr'><strong>ducere.</strong></span> <span class='ocrx_word' id='word_1_358' title='bbox 956 4449 990 4504; x_wconf 85' lang='lat' dir='ltr'><strong>Et</strong></span> <span class='ocrx_word' id='word_1_359' title='bbox 1000 4450 1039 4504; x_wconf 85' lang='lat' dir='ltr'><strong>sic</strong></span> <span class='ocrx_word' id='word_1_360' title='bbox 1049 4454 1158 4505; x_wconf 85' lang='lat' dir='ltr'><strong>utuntur</strong></span> <span class='ocrx_word' id='word_1_361' title='bbox 1168 4451 1226 4507; x_wconf 77' lang='lat' dir='ltr'><strong>cdd</strong></span> <span class='ocrx_word' id='word_1_362' title='bbox 1237 4449 1317 4505; x_wconf 71' lang='lat' dir='ltr'><strong>Sim.</strong></span> <span class='ocrx_word' id='word_1_363' title='bbox 1328 4461 1356 4507; x_wconf 74' lang='lat' dir='ltr'><strong>et</strong></span> <span class='ocrx_word' id='word_1_364' title='bbox 1366 4452 1428 4508; x_wconf 70' lang='lat' dir='ltr'><strong>eac</strong></span> 
     </span>
     <span class='ocr_line' id='line_1_41' title="bbox 271 4518 674 4591; baseline -0.012 -19"><span class='ocrx_word' id='word_1_365' title='bbox 271 4522 340 4573; x_wconf 81' lang='lat' dir='ltr'><strong>laad.</strong></span> <span class='ocrx_word' id='word_1_366' title='bbox 392 4518 416 4571; x_wconf 79' lang='lat'><strong>8.</strong></span> <span class='ocrx_word' id='word_1_367' title='bbox 429 4519 526 4591; x_wconf 91' lang='lat' dir='ltr'><strong>prolem</strong></span> <span class='ocrx_word' id='word_1_368' title='bbox 538 4519 593 4573; x_wconf 78' lang='lat' dir='ltr'><strong>MS,</strong></span> <span class='ocrx_word' id='word_1_369' title='bbox 608 4519 674 4587; x_wconf 72' lang='lat' dir='ltr'><strong>dap,</strong></span> 
     </span>
    </p>
   </div>
   <div class='ocr_carea' id='block_1_4' title="bbox 0 0 1528 5124">
    <p class='ocr_par' dir='ltr' id='par_1_4' title="bbox 0 0 1528 5124">
     <span class='ocr_line' id='line_1_42' title="bbox 0 0 1528 5124; baseline 0 0"><span class='ocrx_word' id='word_1_370' title='bbox 0 0 1528 5124; x_wconf 95' lang='lat' dir='ltr'><strong> </strong></span> 
     </span>
    </p>
   </div>
  </div>
 </body>
</html>
