3046 5124
454 350 603 393 mulcetue
616 350 655 392 DE
667 350 851 393 manemus.
1167 350 1228 417 297

140 504 312 572 Photinus·
331 527 369 573 ex
384 506 602 592 Gallograecia,
617 507 754 573 Marcelli
770 505 950 591 discipulus,
970 506 1092 575 ¹Sirmii
1106 506 1229 592 epiecc·
1245 534 1296 588 era
1309 534 1401 577 xxxva

77 628 137 695 pus
151 609 220 673 fuit.
256 609 316 674 liic
330 611 457 676 Ebionie
470 611 625 675 haeresim
645 616 817 686 restaurare
839 615 967 674 conatus
982 614 1040 691 est,
1060 631 1138 693 quae
1153 609 1229 674 dicit

77 710 237 777 Christum
251 733 271 776 a
284 713 380 777 Maria
393 733 449 797 per
459 713 570 798 Ioseph
585 713 718 798 nuptiali
733 715 816 777 coitu
825 713 921 776 fuisse
934 718 1126 797 conceptum.
1148 713 1228 777 Huic

77 810 254 898 ’Beryllus,
273 815 406 880 Arabiae
422 819 602 901 episcopus,
622 817 680 879 luit
694 815 841 899 quondan
855 817 888 878 in
906 818 1109 900 perversitate
1124 817 1227 879 eonsi-

75 915 179 999 milis‚
199 937 236 981 eo
251 917 333 1002 quod
348 917 506 982 Christum
525 924 596 983 aute
615 917 862 983 incarnationem
879 919 1027 1001 negabat,
1047 918 1103 982 sed
1121 922 1230 1003 postea

75 1018 115 1083 ab
131 1017 267 1104 Origene
282 1026 438 1085 correctus
453 1026 509 1086 est.
546 1021 626 1085 Nam
641 1026 749 1084 extant
763 1022 829 1085 eius
845 1020 994 1106 epistolae
1009 1019 1048 1084 ad
1064 1020 1229 1103 Origenem

75 1120 191 1203 iactae,
204 1121 238 1186 iu
253 1123 365 1206 quibus
381 1144 413 1188 se
430 1123 699 1207 congratulabatur
717 1123 756 1187 ab
773 1123 882 1189 eodem
896 1124 992 1188 fuisse
1009 1128 1192 1208 correptum

128 1224 311 1290 ·Euuomius
332 1225 463 1290 artifieio
479 1226 594 1290 diaboli
615 1226 757 1291 subtilior
777 1226 868 1291 ¹Ario
883 1247 945 1292 non
960 1225 1060 1291 solum
1074 1225 1229 1290 haeresim
1246 1235 1296 1288 Cer·
1309 1236 1414 1277 ΠΜ·

75 1325 177 1412 ipsius
199 1327 363 1412 perfidiae,
382 1328 438 1392 sed
457 1328 583 1393 alterius
603 1329 804 1414 professionis
824 1328 962 1410 induxit,
982 1328 1089 1393 dicens
1108 1349 1171 1393 non
1191 1349 1229 1392 ex

74 1427 138 1493 ulio
152 1428 211 1493 filii
227 1451 295 1494 esse
310 1431 528 1513 substantiam,
542 1452 642 1515 neque
655 1439 827 1496 creaturam
839 1431 889 1496 dei
901 1453 969 1495 esse
981 1433 1159 1516 perfectam,
1174 1431 1229 1494 sed

75 1532 196 1616 etipsa
205 1533 302 1616 patris
314 1534 489 1598 substantia
502 1533 557 1597 filii
570 1554 638 1598 esse
650 1535 870 1616 substantiam,
885 1534 1081 1619 splendorem
1092 1533 1230 1613 luminis,

74 1653 140 1698 uon
152 1633 258 1719 ipsum
272 1634 387 1716 lumen,
403 1643 434 1699 et
448 1638 613 1720 imaginem
629 1637 689 1717 dei,
704 1658 767 1701 nou
778 1637 881 1722 ipsum
896 1636 998 1718 deum,
1013 1636 1229 1701 nonvidentes

74 1755 132 1821 per
146 1738 339 1822 impietatem
354 1759 443 1802 suam
455 1740 518 1824 ipsi
540 1738 634 1803 etiam
649 1760 762 1822 negare
777 1739 859 1823 quod
875 1740 1014 1803 credunt.
1052 1739 1130 1802 Cum
1144 1738 1228 1802 enim
1278 1782 1284 1802 .

74 1837 286 1904 substantiam
301 1842 506 1905 confiteantur
521 1841 553 1905 in
568 1841 642 1923 filio,
663 1841 708 1905 ihi
722 1862 760 1904 ex
774 1841 843 1927 ipsa
857 1841 1033 1906 substantia
1050 1844 1154 1905 minus
1170 1840 1227 1905 ali·
1245 1865 1250 1877 ·

74 1940 151 2024 qnid
166 1943 249 2026 quod
264 1949 313 2006 est
326 1943 396 2028 ipsa
410 1944 584 2008 substantia
605 1944 801 2008 confitentur.
837 1945 995 2010 Dam'nant
1013 1947 1113 2029 ipsam
1134 1963 1227 2027 quam

73 2063 95 2108 a
106 2063 165 2111 sua
179 2042 349 2111 ²miuorem
363 2045 472 2111 volunt
486 2066 554 2111 esse
570 2046 804 2112 ³substantiam.

136 2355 383 2421 Praedestinati¹
402 2362 476 2420 sunt
496 2359 548 2441 qui
569 2357 678 2421 dieunt
697 2357 777 2441 quod
793 2355 869 2421 deus
885 2377 948 2420 non
963 2376 1069 2420 omnes
1084 2354 1227 2420 homines
1245 2362 1296 2414 ⁰⁸1³·
1309 2360 1421 2419 mim

71 2456 114 2523 ad
127 2457 187 2523 huc
203 2461 330 2541 crearit,
351 2465 386 2523 ut
405 2480 513 2523 omnes
533 2459 707 2540 salventur,
727 2460 782 2524 sed
802 2466 837 2523 ut
851 2458 1051 2523 multitudiue
1065 2458 1227 2522 homiuum

72 2568 201 2625 ornetur
214 2561 364 2625 mundus:
381 2562 463 2645 quod
478 2563 537 2626 etsi
551 2562 687 2645 generali
701 2563 930 2646 praedieatione
946 2561 1045 2643 dicat,
1061 2550 1172 2625 Venite
1187 2560 1226 2625 ad

71 2663 143 2729 rueb
158 2684 266 2728 omnes
282 2667 335 2748 qui
350 2664 497 2729 laboratis
513 2671 544 2728 et
559 2668 676 2729 onerati
692 2669 782 2747 estis,
803 2670 834 2729 et
849 2686 903 2748 ego
920 2665 1057 2728 reficiam
1070 2683 1142 2745 vos,
1163 2685 1227 2729 nou

71 2900 88 2955 2
105 2832 322 2955 Bigplpiuffilll.
334 2865 367 2874 -
382 2836 403 2888 l.
417 2834 504 2888 Sirmii
521 2836 656 2906 episcopus
675 2834 779 2888 Coteler.
790 2835 805 2886 l.
816 2836 832 2887 l.
839 2853 866 2903 p.
877 2832 933 2886 782.
946 2833 1148 2904 semiepiscopus
1159 2833 1225 2886 dien.

88 2941 95 2954 ¹
121 2970 184 3040 Cap.
197 2943 331 3024 milli.
344 3003 377 3011 -
397 2972 504 3023 l.Arrio
517 2972 583 3024 dien.
636 2972 660 3026 ἱ).
672 2972 800 3024 minorem
813 2971 916 3023 Coteler.
927 2972 943 3021 l.
954 2971 970 3021 l.
978 2989 1042 3038 pag.
1052 2969 1110 3022 783.
1127 2971 1227 3024 minore

70 3038 138 3093 Meu.
192 3037 216 3090 3.
228 3040 289 3091 Post
299 3060 352 3092 roc.
364 3041 537 3093 substantium
554 3045 580 3091 in
598 3042 661 3092 libro
679 3060 695 3092 a
707 3041 832 3091 hienardo
849 3041 914 3090 edito
929 3057 976 3090 uuo
993 3047 1077 3090 tenore
1093 3049 1228 3108 aequentur

70 3106 135 3160 tcec
146 3108 238 3159 certa:
250 3108 305 3160 lluc
318 3126 399 3177 usque
411 3109 592 3176 Hieronymus.
621 3109 689 3161 Haec
708 3125 767 3161 vero
785 3123 850 3177 quae
863 3111 1017 3176 sequuntur,
1035 3113 1152 3161 asancto
1164 3125 1227 3162 eru·

70 3192 152 3231 sauro
164 3176 321 3229 Massiliensi
333 3177 487 3246 Presbytero
500 3184 561 3230 sunt
572 3179 664 3247 posita.
938 3178 940 3183 '

103 3329 166 3400 Gap.
175 3330 299 3383 XXXVI.
309 3362 341 3370 -
350 3347 373 3385 a.
384 3330 520 3452 Ρὴοῒὶηηε)
536 3330 623 3383 Prima
674 3331 730 3383 bus.
747 3331 815 3383 Haec
827 3346 888 3382 aero
901 3346 967 3399 quae
978 3336 1128 3401 sequuntur,
1141 3347 1156 3383 a
1169 3347 1228 3384 sau-

68 3399 146 3452 hulus
157 3400 265 3469 capituli
280 3400 358 3452 verba
375 3400 405 3452 de
423 3399 502 3452 rehen
520 3401 570 3452 isa
589 3400 623 3451 ud
643 3409 645 3414 '
673 3405 714 3452 cto
741 3399 873 3452 Gennadio
896 3400 1055 3452 Massiliensi
1076 3401 1227 3469 presbytero

67 3467 256 3536 Hieronymum
272 3468 309 3520 De
325 3469 393 3522 Eecl.
407 3418 466 3521 beri
484 3475 514 3521 tt
531 3486 553 3521 c.
568 3418 622 3522 llil.
673 3473 735 3521 suut
744 3469 840 3538 posita:

70 3534 211 3617 ,Rhetinus
223 3535 254 3616 de
265 3536 451 3618 Gallograecia,
491 3538 577 3619 arcelli
586 3536 623 3588 di·

67 3604 621 3727 titlerittlithtttt‘thtt
692 3635 777 3761 ’Μ

68 3744 120 3805 est3
132 3746 224 3811 postea
236 3743 558 3823 at³alencinia110principe
564 3744 621 3823 pul·
780 3748 785 3760 “
823 3778 911 3846 gissam
923 3782 981 3828 cett·

67 3811 622 3948 auratertulliamus&2:11
709 3844 789 3898 xe·
807 3843 1073 3965 gyges
1094 3843 1227 3897 domem

67 3946 622 4070 ‘⁰⁸0⁶ssmxvffilffillfflssllijssdesfina·
698 3982 789 4034 xeru.
807 3980 1076 4060 reuocauerunt
1093 3979 1228 4060 filiumdei

66 4032 263 4150 amplicem
280 4055 332 4153 qud
348 4084 389 4136 hic
406 4057 493 4137 ordine
504 4084 552 4138 hae
570 4092 622 4138 tres
823 4066 924 4169 Ἐξ,
946 4046 1181 4170 ᾚῗῗωξὲἒῑξὲἓῑ
1193 4067 1226 4103 θΧ

67 4149 187 4204 haereses
199 4160 342 4220 sequuntur
356 4155 382 4204 in
395 4159 444 4204 vet.
458 4153 513 4205 cod.
525 4171 573 4206 ms.
584 4153 622 4205 St.
823 4161 949 4237 infimam
962 4191 1019 4237 cett.
1111 4157 1117 4182 ⁹
1174 4136 1226 4171 ”⁰¹¹

67 4219 621 4357 tibitibi?hillidii?
671 4253 1227 4392 {eritrea{sinceritatis

66 4354 621 4477 {hitishlthihlithutilite
671 4389 1226 4527 ypyygpyssgfggggffugyffinygygg

66 4492 455 4628 gfflzssdffllphffffgnigffl
464 4492 621 4624 ,ἓᾞὴῗζῖζ
673 4532 782 4597 quatuor
794 4527 958 4598 complexum
971 4544 1036 4580 esse.

66 4630 102 4683 tio
120 4629 148 4683 S.
164 4630 304 4698 Augustini
320 4630 434 4699 episcopi
450 4630 488 4681 De
503 4629 621 4686 Haeresie
706 4630 731 4683 b.
744 4628 836 4682 Venite
848 4629 879 4681 ad
892 4633 946 4698 me]
962 4629 1053 4685 Matth.
1066 4631 1112 4697 XI,
1125 4630 1165 4686 28.

730 3570 787 3624 XC.
803 3571 1034 3624 Praedestinatiani
1051 3576 1112 3623 sunt
1129 3571 1173 3641 qui
1190 3570 1226 3622 di·

823 3647 884 3692 cunt
896 3639 964 3708 quod
976 3639 1039 3692 deus
1052 3645 1109 3691 cett.

802 3707 1227 3761 NestorianidieuntaauetamVir-
