3046 5124
279 351 321 417 40
634 307 637 313 Ι
779 342 930 385 numism

280 505 555 589 ⁴sunt⁶,'feoerunt
568 498 743 566 ereaturam
757 503 849 565 istam
864 500 1040 565 visIbilemd
1054 499 1115 582 hebi
1130 499 1206 574 §nos
1221 500 1459 564 consistamus.

283 609 441 674 Christum
455 613 558 670 autem
573 606 649 670 dicit
669 625 731 669 non
753 604 791 667 de
811 606 930 685 virgine
945 604 1044 669 Maria
1063 608 1095 665 et
1115 602 1219 666 divino
1236 604 1383 686 spirItn⁶
1399 622 1460 667 na·

282 718 360 792 tum,
375 709 431 774 sed
446 709 483 774 de
499 712 616 773 semine
631 708 742 792 ioseph
757 708 915 770 hominem
935 705 1060 770 natumf
1077 705 1263 786 arbitratur,
1286 703 1401 789 deque
1422 727 1460 771 eo

283 820 391 878 natum
407 813 581 893 carnaliter,
597 813 678 874 siout
692 831 799 873 omnes
815 810 974 890 homines,
995 810 1180 893 suspioatur.
1205 808 1265 884 Qui
1281 814 1365 892 post
1379 830 1460 894 pas·

283 920 437 998 sionemss,
456 918 575 999 inquit,
595 913 725 978 meliorh
746 915 827 976 into'r
841 912 973 977 Iudaeos
988 914 1053 976 rite
1073 913 1194 992 integra
1218 913 1251 974 et
1274 931 1459 976 eonversa-

282 1022 367 1084 tione
381 1022 528 1083 inventus
544 1024 607 1095 est3
630 1018 717 1080 ouius
738 1019 874 1079 animam
889 1018 922 1078 in
939 1015 1059 1079 eaelum
1073 1018 1250 1098 susceptam
1271 1012 1460 1097 praedicat,

284 1143 408 1187 earnem
427 1142 500 1185 vero
521 1123 555 1183 in
575 1126 659 1183 terra
678 1118 856 1182 dimissam¹
881 1120 1041 1199 aestimat,
1063 1118 1219 1200 animique
1240 1115 1460 1185 salntem-so·

283 1225 373 1307 lurnk,
387 1226 492 1290 earnis
507 1229 612 1286 autem
626 1243 689 1286 uon
704 1223 771 1285 fieri
787 1221 920 1285 salutem
936 1224 1090 1306 opinatur.

117 1341 266 1395 Cenfflvl·
347 1327 529 1392 ¹Cerinthus
552 1327 719 1390 successit¹²
739 1324 832 1389 huius
855 1326 968 1406 errori,
989 1322 1046 1387 2err
1069 1320 1273 1387 sImilitudine
1295 1324 1461 1390 vanitatis

283 1432 400 1497 doeens
416 1430 454 1493 de
475 1430 670 1511 generatione
685 1427 813 1491 ³itidem
827 1426 1010 1491 saluatorisb
1031 1425 1130 1509 deque
1153 1430 1298 1489 creatura
1318 1427 1460 1511 angelo·

299 1704 305 1715 ·
334 1702 340 1716 ὑ
351 1634 376 1685 4.
385 1638 454 1698 sunt,
464 1633 580 1686 iecerunt
590 1633 623 1684 A.
635 1632 695 1696 sint,
705 1632 823 1684 feserunt
834 1632 857 1682 b.
881 1630 941 1695 sint,
952 1629 1061 1682 fecerint
1072 1631 1170 1697 reliqui.
1190 1627 1215 1681 5.
1226 1644 1276 1680 nos
1288 1627 1385 1699 inquit
1396 1648 1461 1689 eon·

284 1703 550 1850 smmCldiriiiXXVi.
570 1769 675 1822 ia'Boo.
692 1773 774 1820 inseri
793 1778 842 1819 tum
860 1767 936 1819 lohet
955 1767 1113 1830 Cnnrnrrrvs,
1133 1767 1160 1818 in
1179 1767 1201 1817 b.
1220 1779 1409 1822 cnnnmrrrvs.
1427 1801 1461 1810 -

288 1841 309 1892 l.
327 1838 480 1892 cherinthus
497 1840 520 1891 b.
557 1838 580 1891 2.
598 1855 632 1891 ex
652 1838 759 1891 similitu
778 1838 784 1849 '
805 1854 883 1905 eepo.
900 1842 926 1889 et
937 1835 1099 1891 similitudini
1110 1836 1172 1889 libri
1182 1852 1271 1887 omnes.
1315 1834 1343 1890 3.
1363 1838 1462 1896 itidem

286 1928 331 1961 erm.
350 1909 383 1961 A.

285 2079 331 2150 χὴν
345 2079 384 2131 καὶ
396 2080 487 2150 πατέρα
499 2081 547 2130 τῶν
560 2077 638 2145 ὅλων,
656 2075 670 2129 ἄ
688 2096 781 2129 νιοστον
799 2077 838 2129 καὶ
889 2079 998 2145 eoquod
1014 2079 1149 2196 otsrmior
1167 2084 1190 2127 et
1209 2075 1338 2128 robustior
1361 2085 1461 2132 ceteris

286 2097 726 2228 taaeovopaeadEpiphxxini.
739 2147 762 2198 2.
781 2147 838 2209 (F.)
882 2146 988 2215 fuerit.”
1023 2152 1034 2209 (
1055 2146 1080 2209 ἶ)

318 2235 339 2269 e.
352 2233 418 2286 quae
427 2223 514 2269 autem
524 2222 633 2268 uirtutes
643 2216 764 2269 deorsum
775 2216 837 2284 sint]
922 2215 939 2266 i.
957 2230 1061 2266 earnem
1072 2214 1177 2265 interra
1186 2212 1334 2283 dimissam]
1347 2213 1461 2271 Immis-

285 2286 328 2338 Sic
338 2303 392 2338 non
408 2286 523 2338 dubitari
539 2286 649 2337 scribere
665 2302 712 2354 pro
729 2285 838 2336 lectione
889 2299 945 2336 sam
957 2282 1100 2353 sepulchro,
1112 2282 1199 2349 ibique
1212 2281 1339 2334 relictam.
1380 2286 1445 2352 (F.)

285 2360 419 2424 corrupta,
443 2370 509 2422 quae
538 2360 592 2405 erat
620 2354 647 2405 in
670 2354 837 2405 editionibus:
922 2351 947 2402 ir.
966 2350 1178 2418 animisaiutem]
1191 2349 1309 2402 Salutem
1318 2354 1461 2425 ponitpro

286 2443 364 2491 ,perae
377 2431 459 2473 (ratem
470 2426 574 2472 virtutes
583 2424 683 2472 deorum
692 2423 764 2473 siret.''
781 2422 838 2474 i'ir-
888 2420 1090 2482 immortalitate,
1100 2419 1187 2486 itaque
1197 2419 1233 2470 ait
1241 2419 1327 2471 carnis
1338 2423 1463 2477 salutem

284 2496 353 2544 tutes
365 2490 485 2541 deorsum
498 2490 638 2541 existentes
656 2490 775 2541 dicuntur
793 2505 837 2542 an·
878 2505 907 2540 a
919 2488 1073 2557 Carpocrate
1085 2487 1184 2554 negari,
1197 2487 1323 2554 quoniam
1335 2505 1462 2545 resurre-

286 2560 337 2626 geli
359 2555 438 2621 ,aoid
451 2574 473 2607 τι
485 2555 532 2607 ὑπο
545 2561 587 2607 τοῦ
601 2557 691 2625 πατρὸς
704 2562 747 2608 τοῦ
760 2554 839 2626 dpati-
891 2557 1002 2609 ctionem
1014 2558 1057 2608 ille
1068 2555 1244 2607 inficiabatur:
1259 2573 1305 2616 ,ea
1317 2574 1367 2623 que
1382 2562 1461 2612 colli.

285 2644 344 2676 στου
357 2624 533 2692 ὑποβεβηκότες
545 2629 572 2676 et
584 2621 730 2684 ἀποστάντες
740 2621 787 2674 ἀπὸ
798 2628 839 2690 τῆς
889 2634 970 2691 peret,
982 2625 1067 2692 inquit
1078 2623 1261 2687 Tertullianus,
1279 2632 1385 2678 tentata
1399 2634 1461 2681 arri·

286 2691 492 2762 ἄνωὸυνάμεως,”
504 2698 532 2744 ut
538 2698 576 2744 est
585 2693 653 2762 apud
659 2692 839 2761 Epiphanium.

286 2763 444 2815 Tertulliano
462 2761 580 2813 dicuntur
599 2765 718 2822 ,virtutes
735 2762 806 2826 Ioppe
823 2781 840 2811 o

285 2834 412 2899 ereperr'ori
418 2830 564 2898 principaii
576 2829 720 2880 ‹listorrtea.”
737 2829 777 2880 Ab
789 2828 839 2880 ire·

285 2899 345 2951 naei
357 2900 494 2967 interprete
509 2900 609 2964 ,ampeli
619 2899 694 2947 molto
706 2901 732 2948 io
746 2901 840 2948 erioreo

285 2967 503 3035 orqerriropatreJ'
537 2965 594 3029 (F.)

320 3036 344 3086 d.
362 3041 507 3086 ereaturam
522 3035 600 3086 istam
616 3032 756 3102 risibilem]
777 3035 841 3098 »Τὸν

287 3105 380 3173 κόσμον
393 3102 433 3153 καὶ
445 3101 475 3153 τὰ
487 3100 511 3153 ἐν
523 3102 627 3222 adop&
640 3101 765 3171 Epiphan.
784 3102 841 3166 (F.)

320 3189 343 3224 e.
355 3172 442 3223 divino
453 3171 556 3239 spiritu]
581 3171 608 3222 'x
614 3169 771 3223 Lueaei.35.
784 3171 840 3236 (F.)

320 3242 338 3292 t.
351 3237 584 3307 desemineloseph
595 3237 726 3291 hominem
739 3239 839 3322 natum]

286 3308 412 3378 Epiphan.
433 3305 542 3372 πἸησοῦν
558 3306 600 3356 τον
617 3305 723 3375 κύριονὴ
748 3310 779 3357 bo
792 3304 839 3358 ἀπο

287 3374 379 3443 Ἰωσὴφ
400 3375 542 3445 γεγενῆσθαι
565 3372 671 3444 καθάπερ
695 3394 726 3426 κα
756 3372 841 3435 πάντες

288 3441 410 3512 ἄνθρωποι
422 3441 448 3494 ἐκ
461 3443 597 3532 σπέοματος
610 3440 696 3512 ἀνδρὸς
709 3443 748 3494 καὶ
760 3463 841 3513 γυναι-

288 3509 524 3581 antapodoseos)
558 3512 626 3578 (Μ

322 3597 348 3650 g.
365 3586 425 3650 post
444 3580 603 3650 passionem]
626 3580 688 3634 Post
708 3587 842 3650 superatos

288 3654 314 3701 et
324 3654 512 3729 praetervectos
528 3651 738 3718 perpessionibns
750 3657 841 3702 exant-

288 3720 347 3771 latrs
363 3719 471 3786 angelos
488 3719 658 3797 κοσμοποιούς.
681 3718 841 3788 Epiphanius

288 3804 313 3872 p.
327 3785 382 3838 103.
399 3803 431 3838 ex
443 3786 543 3839 irenaei
557 3786 601 3839 lib.
616 3788 638 3839 i.
650 3803 705 3871 cap.
719 3787 759 3838 24.
784 3787 840 3853 ,rio

289 3853 315 3906 οὲ
327 3853 406 3925 ψυχὴν
419 3859 462 3906 τοῦ
472 3853 553 3920 Ἰησοῦ
562 3851 586 3905 ἐν
596 3858 646 3915 τοῖς
656 3873 705 3906 των
715 3852 840 3906 Ἰουδαίων

288 3920 362 3974 ἔθεσιν
375 3920 465 3992 ἀνατρα
485 3927 550 3974 εἷσαν
561 3927 742 3993 καταφρονῆσαι
751 3922 840 3991 αὐτῶν,

288 3991 328 4042 καὶ
340 3990 379 4042 διὰ
388 3996 460 4043 τοῦτο
467 3941 579 4061 deripere
589 3990 717 4060 εἰληφέναι,
728 3991 758 4042 δι’
767 3984 801 4042 ὧν
811 3990 841 4042 τὰ

288 4057 326 4111 ἐπὶ
338 4057 452 4111 κολάσεσι
463 4057 527 4126 παθη
544 4061 664 4130 apostata
682 4063 732 4119 τοῖς
749 4057 840 4128 ἀνθρώ-

289 4145 341 4188 ποις
354 4128 458 4194 δυνηθεὶς
470 4129 570 4198 πρᾶξαι,
582 4127 711 4197 ὑπερβῆναι
726 4128 781 4187 τοὺς
799 4147 840 4178 κο-

289 4196 442 4266 σμοποιούςῖ
477 4197 556 4248 υσεν.”
581 4198 637 4261 (F.)

247 4282 251 4291 ·
321 4263 346 4317 h.
363 4266 454 4318 melior
477 4265 650 4318 Tertullianus
660 4264 727 4317 art.
740 4263 840 4317 errCar-

288 4335 399 4404 pooratis
411 4335 540 4387 sententia
552 4334 589 4385 ait
600 4332 731 4386 Christum
748 4335 840 4396 ,honri-

288 4421 343 4453 aem
366 4404 531 4454 tantummodo
552 4405 673 4468 pertitam,
696 4421 758 4454 soree
773 4421 841 4471 prae

289 4474 379 4522 veterio
395 4473 508 4522 iustitiae
526 4472 604 4533 salto,
617 4475 685 4522 ettae
696 4475 841 4538 inteqrr'tate

288 4541 427 4591 meliorem:
444 4537 508 4588 burro
525 4541 595 4605 apud
611 4538 720 4590 Iredoeos
728 4558 840 4607 possum,

289 4608 368 4660 solorre
389 4609 499 4659 oninium
516 4609 596 4675 ipsius
613 4608 683 4661 coelo
703 4617 840 4677 receptam,

891 2711 986 2742 merrom
1003 2695 1058 2743 solo
1070 2693 1162 2754 solerte,
1180 2693 1263 2742 nultos
1280 2710 1326 2743 eor
1345 2700 1406 2746 orie
1418 2717 1461 2750 re.

891 2760 1079 2811 surreetr'ooea.”
1097 2759 1136 2811 lta
1145 2777 1222 2830 saepe
1233 2760 1318 2812 idem'
1335 2766 1461 2818 eriullia-

891 2844 941 2880 nus
953 2829 1018 2880 libro
1031 2828 1061 2879 de
1070 2828 1265 2881 Resurrectione
1275 2828 1381 2885 Carnis.
1395 2832 1460 2888 Phi-

892 2896 997 2950 lastrius
1017 2897 1085 2949 intra
1109 2914 1164 2966 eap.
1182 2895 1223 2949 38.
1244 2896 1275 2948 de
1294 2898 1460 2955 Valentino:

895 2969 1021 3026 ,animam
1032 2968 1111 3017 solam
1127 2968 1239 3027 estuari,
1256 2984 1351 3034 eorpus
1367 2981 1461 3024 aretem

893 3034 999 3085 bontiar'o
1010 3053 1057 3085 aon
1069 3036 1170 3085 orele-ori
1181 3035 1352 3086 arbitrator.”
1371 3038 1438 3104 (F.)

910 3100 1460 3180 Cap.XXXVI.-a.Cerinthussuccessit]

893 3170 1046 3240 Carpocrate
1064 3172 1233 3240 posteriorem
1245 3169 1404 3228 Corinthum
1417 3177 1460 3229 ia·

892 3240 926 3291 cit
937 3240 1015 3291 etiarn
1027 3240 1208 3303 Tertullianus,
1221 3240 1275 3291 sire
1288 3240 1413 3310 quisquis
1426 3247 1460 3298 li·

892 3309 967 3359 brum
989 3309 1020 3359 de
1035 3308 1150 3360 Praesori
1169 3308 1283 3360 tionibus
1305 3323 1338 3377 ap
1358 3313 1460 3367 endice

891 3377 1064 3445 locupletarit.
1090 3376 1141 3428 Sed
1151 3325 1278 3428 irenaeus
1294 3382 1320 3428 et
1335 3327 1460 3450 Epipha.

892 3446 950 3496 nius
962 3446 1164 3512 etliieronynms
1177 3444 1459 3504 eontraLueiferianos

893 3513 1075 3582 Carpocratem
1086 3515 1147 3566 lieet
1158 3520 1218 3565 ante
1235 3527 1459 3585 commemorant,

892 3586 980 3633 tamen
992 3588 1107 3651 tempore
1119 3582 1229 3650 priorem
1241 3598 1293 3633 non
1310 3587 1458 3652 testantur,

892 3666 976 3718 neque
988 3651 1069 3702 tuisse
1081 3650 1201 3702 credibile
1218 3655 1269 3713 est,
1286 3666 1346 3701 oum
1359 3651 1459 3710 Corin.

891 3718 952 3771 thus
973 3717 1094 3770 iohannis
1113 3718 1233 3787 Apostoli
1254 3725 1373 3787 tempore
1396 3724 1459 3779 Iam

892 3803 953 3839 suos
966 3803 1063 3839 errores
1076 3787 1210 3855 sparserit,
1226 3792 1256 3838 ut
1271 3792 1375 3856 praeter
1387 3807 1457 3846 eun.

892 3855 951 3906 dem
967 3855 1102 3906 irenaeum
1123 3856 1198 3906 inulti
1214 3854 1319 3907 tradunt
1335 3857 1395 3919 alii,
1419 3878 1459 3916 ne

892 3924 976 3975 dicam
986 3923 1069 3981 Petro,
1081 3923 1173 3975 Iacobo
1187 3928 1213 3974 et
1223 3923 1303 3975 Paulo
1321 3931 1458 3992 apostolis

891 3992 943 4043 iam
969 3991 1147 4059 quaestionem
1169 3992 1302 4044 seditionis
1324 3996 1457 4066 movisse,

892 4061 923 4112 de
936 4060 1072 4128 quoint'ra.
1107 4060 1163 4124 (F.)

926 4129 950 4179 b.
969 4128 999 4178 de
1012 4128 1331 4250 generationesairatorisg
1344 4128 1406 4185 lose
1426 4134 1458 4190 hi

892 4202 917 4249 et
928 4196 1027 4249 Mariae
1037 4196 1121 4248 filium
1131 4197 1302 4250 tuisseiesum
1331 4200 1388 4252 erin
1419 4220 1456 4257 us

892 4264 979 4316 doenit
990 4281 1049 4316 oum
1061 4264 1225 4334 Camoerate,
1243 4267 1287 4318 sed
1303 4266 1331 4318 in
1347 4265 1399 4322 hoe
1416 4274 1456 4326 ab

891 4333 935 4385 illo
946 4333 1060 4385 divorsus
1073 4334 1129 4398 fuit,
1143 4336 1210 4403 quod
1219 4341 1277 4403 post
1286 4335 1320 4386 ba
1339 4336 1456 4395 tismum

892 4401 1053 4453 descendisse
1065 4403 1093 4454 in
1105 4420 1164 4455 eum
1182 4403 1294 4456 traderet
1305 4402 1326 4455 C
1359 4404 1454 4474 ⁸stum,

891 4469 1006 4522 adeone
1029 4469 1158 4523 Christum
1182 4488 1198 4523 a
1220 4470 1278 4524 lesu
1306 4472 1456 4532 divelleret.

891 4486 1101 4591 Videireuaeum
1112 4541 1155 4594 lib.
1171 4540 1192 4591 1.
1206 4556 1262 4610 cap.
1274 4539 1315 4593 25.
1332 4541 1454 4614 Epipha-

891 4607 964 4661 nium
974 4607 1094 4664 XXVIII.
1108 4609 1129 4660 l.
1164 4611 1178 4671 (
1203 4613 1221 4672 .)
