3046 5124
244 350 305 417 380

243 504 335 555 steriis.
353 502 409 558 Vid.
421 502 580 574 Epiphanius
591 502 690 556 haeres.
699 502 797 558 XXVI.
815 503 954 572 augustin.
967 500 1067 556 haeres.
1075 502 1119 557 VI.
1136 502 1293 557 Philastrius
1310 501 1401 559 haeres.

243 571 350 625 LXXII.
374 572 545 625 Oeeumeuios
562 573 588 625 in
605 572 741 641 epistolam
759 571 836 625 Iudae
853 571 939 641 capi.
957 570 1020 624 cod.
1031 570 1160 625 Theodos.
1177 571 1210 625 de
1227 571 1363 625 haereticis
1373 572 1398 627 L.

243 640 322 694 LXV.
338 641 510 692 Borborr'anoa
521 657 565 693 eos
577 647 660 692 vocat.

293 709 443 773 bonosiani,
455 710 628 774 Montanitao]
644 709 807 761 BonosIanos
821 713 846 759 et
856 708 1016 761 Moutauitas
1034 725 1086 761 non
1102 708 1272 789 rebaptizari,
1289 710 1335 761 sed
1349 718 1401 779 pest

243 778 415 829 abiectionem
438 778 501 829 ›ravi
513 782 539 829 et
550 776 739 829 confessionem
757 777 819 828 recti
835 776 965 843 dogmatis
982 778 1039 829 sola
1054 792 1149 830 manus
1166 777 1335 847 impositione
1364 794 1400 829 ur·

242 846 299 913 gari
310 846 415 897 tradunt
428 795 543 913 byricius
551 844 597 899 PI'.
608 845 627 896 I.
640 862 653 896 e
665 846 750 897 »istola
762 844 794 895 ad
805 845 973 897 victoricium
984 846 1063 914 episc.
1075 852 1139 899 tour.
1150 844 1169 898 I.
1183 844 1283 899 Oorrcil.
1296 846 1340 899 iol.
1348 796 1399 899 456.

243 920 269 965 et
280 912 376 965 Concil.
388 915 536 965 arelatense
550 912 579 965 ΙΙ.
592 929 647 983 cap.
655 862 739 965 XVII.
762 912 913 965 Timotheus
925 914 1060 981 presbyter
1071 930 1145 977 vero,
1163 912 1208 965 Ius
1221 912 1401 967 Graeco-Rom.

241 988 303 1033 tom.
314 981 332 1036 l.
346 983 389 1034 iol.
399 982 457 1034 378.
469 988 495 1033 et
506 980 619 1034 Thomas
632 982 663 1032 de
672 982 774 1049 Aquino
784 986 849 1050 part.
859 980 883 1034 3.
896 998 963 1033 sum.
973 987 1072 1050 quaest.
1081 980 1174 1033 LXVI.
1186 982 1289 1035 articul.
1300 982 1346 1035 IX.
1356 982 1401 1035 Bo·

241 1051 363 1103 nosianos
376 1057 401 1102 et
412 1051 571 1102 Montanitas
583 1051 719 1101 interillos
731 1055 840 1119 ponunt,
852 1050 896 1129 qui
908 1050 968 1101 reba
979 1050 1109 1103 mirantur.
1138 1048 1247 1103 Illorum
1264 1052 1401 1103 sententiae

242 1119 340 1171 aceedit
352 1118 493 1185 Gregorius
503 1120 617 1187 Magnus
630 1119 703 1187 epist.
715 1118 760 1171 lib.
770 1117 817 1170 IX.
830 1124 903 1236 epist.
913 1067 982 1171 LXII.
995 1118 1027 1169 acl
1039 1116 1177 1181 Quirinum
1189 1119 1270 1189 episc..
1282 1118 1400 1172 formu.

241 1188 383 1250 Haeretici,
395 1191 438 1256 pai
448 1192 474 1237 in
487 1190 611 1237 trim'tatia
623 1190 718 1238 caeruiae
731 1189 829 1237 nrirrr'rnc
857 1190 1012 1254 optisantar,
1023 1188 1091 1237 sicat
1099 1196 1159 1237 auat
1170 1186 1315 1239 Bonoar'ani
1324 1196 1349 1239 et
1357 1188 1401 1239 Ca·

243 1255 388 1324 taphrppac
399 1265 423 1307 ct
434 1257 483 1306 alii
495 1256 571 1318 talea,
591 1274 645 1305 crim
658 1258 695 1306 acl
705 1264 820 1305 sanemur
833 1256 966 1305 ecclesiam
979 1258 1086 1325 reiciant,
1098 1254 1279 1323 baptizantur,
1292 1260 1352 1325 qaia
1362 1256 1401 1307 ia·

238 1328 354 1393 plisnam
369 1342 415 1375 aon
420 1328 488 1392 suit,
506 1326 572 1391 priori
582 1327 608 1373 iu
622 1342 708 1375 errore
716 1326 809 1390 posili,
825 1326 851 1373 in
868 1331 975 1374 saraciae
993 1326 1118 1375 trim'tatia
1129 1326 1228 1376 nomine
1240 1326 1341 1377 minime
1348 1344 1401 1393 per·

242 1412 269 1444 cc
288 1401 367 1443 crurrt.

267 1411 445 1525 Plionesiani]
460 1459 493 1511 Ili
506 1458 636 1511 Christum
648 1459 725 1510 deum
737 1475 769 1510 ex
781 1458 862 1527 patris
874 1458 1022 1511 substantIa
1033 1463 1093 1511 ante
1105 1460 1193 1511 secula
1205 1476 1238 1512 ue
1259 1465 1318 1523 arnt,
1335 1460 1402 1513 illum

240 1528 323 1580 filium
336 1528 377 1580 dei
388 1528 546 1597 adoptivum,
559 1545 612 1579 non
624 1527 757 1596 proprium
768 1526 925 1580 adserentes.
937 1526 1067 1579 Hortarius
1079 1525 1219 1581 haeresi.L
1248 1528 1317 1583 VIII.
1329 1528 1401 1581 luae-

241 1597 341 1648 eentins
353 1596 400 1648 PP.
416 1596 436 1647 l.
450 1596 523 1675 epist.
535 1596 596 1647 XX.
609 1596 641 1647 ad
655 1595 822 1647 Laurentium
839 1596 954 1665 episcop.
966 1601 1028 1649 tom.
1039 1594 1057 1648 Ι.
1070 1596 1162 1649 concil.
1171 1596 1218 1650 iol.
1228 1596 1289 1651 464.
1309 1596 1401 1667 Grego-

241 1665 294 1715 rius
306 1665 420 1733 Magnus
433 1669 507 1732 epist.
521 1664 564 1715 lib.
575 1664 620 1715 IX.
634 1665 707 1731 epist.
717 1663 786 1716 LXI.

291 1733 463 1798 Montanitao]
482 1732 576 1783 Dicunt
588 1733 708 1800 spiritum
720 1738 851 1795 sanctum,
864 1748 941 1799 quom
953 1732 979 1783 in
992 1732 1128 1799 evaugelio
1141 1730 1261 1786 Christus
1273 1732 1337 1785 disci
1355 1732 1401 1785 ulis

241 1801 295 1852 suis
307 1801 432 1869 promisit,
445 1800 470 1852 iu
484 1800 608 1852 Montano
621 1806 645 1851 et
657 1799 771 1851 Priscilla
783 1800 920 1853 redditum.
938 1800 1047 1869 Nuptias
1058 1798 1206 1869 prohibent,
1218 1806 1244 1853 et
1256 1800 1289 1853 cle
1301 1802 1310 1853 i
1339 1802 1402 1853 antia

240 1869 355 1920 arruiculi
372 1869 499 1937 sanguine
516 1867 697 1920 eucharistiam
713 1868 846 1920 funestam
862 1868 1010 1923 conficiunt.
1035 1868 1174 1937 Angustia.
1186 1869 1219 1921 cle
1235 1884 1323 1953 agone
1334 1868 1402 1921 ctri-

240 1938 324 2057 iiim
337 1936 522 2057 CVi'iibVffl'
535 1937 565 1987 de
578 1935 676 1989 haeres.
688 1952 744 2006 cap.
753 1936 851 1988 XXVI.
868 1937 1076 2007 Ilamrenopulus
1093 1936 1124 1989 de
1136 1938 1223 1991 sectis.
1246 1936 1402 2009 Lpiphauius

289 2022 361 2057 res..
390 2036 397 2056 ι
459 2048 464 2059 .

259 2022 446 2140 aelllanichaei]
465 2074 521 2126 vin.
534 2072 692 2159 Eiiphnnius
703 2072 801 2127 haeres.
811 2072 903 2127 LXVI.
920 2072 1073 2126 Philastrius
1084 2072 1184 2127 haeres.
1194 2072 1266 2127 LXI.
1284 2074 1402 2145 Augusti·

240 2159 288 2193 nus
301 2142 332 2193 de
344 2141 442 2194 haeres.
455 2158 511 2211 cap.
524 2091 614 2194 xit-1.

289 2210 443 2267 Manichaei¹
455 2218 481 2262 et
501 2211 617 2263 Marcion
658 2208 809 2262 Theodorus
828 2209 945 2262 Studitus
962 2210 1037 2281 epist.
1055 2210 1087 2262 ad
1104 2209 1307 2264 Naucrationem
1323 2210 1401 2265 lilirrm

239 2278 460 2331 tom.1.t›ibti0th.
496 2284 593 2330 atrurn:
612 2213 783 2347 depretiantur
800 2278 987 2341 rlIarca'onitac,
1014 2278 1231 2347 'I'rracoclrapitae,
1246 2280 1401 2343 Manichaei,

240 2356 264 2397 et
274 2366 337 2416 puae
347 2356 404 2397 arira
416 2296 522 2399 ninnibe
535 2350 640 2400 orrlr‘uis.
659 2345 810 2419 Timotheus
823 2348 957 2416 presbyter
966 2347 998 2399 de
1010 2346 1155 2399 cliIl'erentIa
1163 2364 1265 2413 eorum,
1277 2350 1324 2419 qui
1334 2364 1400 2402 aece-

239 2416 303 2467 dunt
316 2414 348 2466 acl
361 2416 388 2468 S.
401 2415 479 2467 iidem
491 2416 535 2469 Iol.
547 2414 604 2468 934.
623 2414 666 2466 Ius
681 2414 901 2467 Graeco-Roman.
914 2423 976 2469 tom.
986 2416 1005 2469 I.
1017 2414 1063 2467 iol.
1072 2414 1131 2471 373.

289 2481 361 2545 Quae
373 2484 424 2535 duo
437 2484 562 2552 principia
574 2484 624 2535 sibi
635 2484 726 2548 ignota
743 2483 925 2603 introclucnntp
942 2484 1073 2535 llonorius
1091 2482 1123 2535 de
1137 2483 1239 2537 haeres.
1250 2484 1370 2537 aliern-ton
1381 2495 1403 2536 rt

240 2552 395 2604 Cerdoniani
407 2555 454 2604 cluo
464 2556 597 2620 princr'ria
611 2556 744 2602 cerrntraria
758 2561 881 2603 asserant.
926 2550 1079 2603 heoderetus
1094 2552 1176 2605 fabul.
1193 2550 1317 2609 haeretic.
1330 2554 1372 2609 lib.
1384 2554 1402 2609 I.

237 2619 397 2690 Epiphanius
409 2619 507 2674 haeres.
518 2572 585 2672 XLI.
598 2626 623 2672 et
634 2619 714 2671 XLII.
733 2620 885 2672 Ilamaseen.
898 2620 929 2671 de
941 2618 1039 2674 haeres.
1049 2620 1094 2673 Iol.
1103 2618 1161 2674 ata.
1179 2620 1334 2675 Philastriua
1346 2622 1403 2675 hae·

238 2706 286 2742 res.
298 2689 390 2742 XLIV.
402 2694 428 2740 et
438 2688 518 2742 XLV.
536 2688 649 2741 isidorus
661 2688 807 2757 Hispalens.
821 2689 886 2757 orig.
896 2687 940 2741 lib.
950 2688 974 2739 8.
986 2704 1043 2757 cap.
1052 2688 1083 2740 V.
1095 2688 1246 2743 Tertulliau.
1254 2692 1401 2763 praescript.

238 2758 361 2810 adsersus
373 2756 471 2809 haeret.
483 2774 539 2826 cap.
549 2756 590 2810 LI.
605 2757 728 2809 adversus
740 2757 900 2809 Marcionem
913 2757 956 2811 lib.
974 2758 994 2809 l.
1007 2774 1063 2825 cap.
1076 2756 1099 2811 2.

289 2826 422 2879 Contraria
433 2826 568 2896 principia,
581 2831 610 2877 ut
622 2825 802 2891 Manichacus]
820 2824 947 2895 Epiphan.
960 2825 1060 2877 haeres.
1070 2824 1161 2879 LXVI.
1177 2824 1333 2882 Philastriua
1345 2827 1402 2881 hae·

237 2910 286 2948 res.
296 2894 364 2947 LXI.
382 2895 546 2963 Augustinus
558 2893 658 2946 haeres.
667 2893 759 2947 XLVI.

288 2964 348 3015 Tria
363 2968 390 3015 et
405 2963 526 3027 barbara,
545 2968 573 3015 ut
585 2962 724 3015 Sothianus
743 2968 769 3015 et
779 2960 952 3029 Theodosius]
975 2960 1153 3016 Theodoretus
1165 2964 1210 3016 lib.
1219 2964 1239 3017 l.
1250 2964 1333 3021 fabul.
1345 2964 1403 3019 hae·

237 3031 337 3083 retiear.

287 3100 335 3151 Vol
347 3100 442 3163 multa,
460 3106 490 3151 ut
505 3100 668 3166 Valentinus]
691 3098 807 3151 lfbertIm
823 3098 998 3151 Tertullianus
1016 3099 1138 3152 adversus
1156 3100 1363 3157 Valentinianos.
1378 3109 1404 3155 et

236 3168 281 3219 lib.
294 3167 315 3220 l.
329 3168 452 3220 adversus
464 3169 587 3222 Marcion.
600 3185 656 3237 cap.
669 3168 696 3221 V.
708 3166 904 3236 I'raescriptiou.
917 3168 1017 3220 advers.
1029 3167 1125 3220 haeret.
1137 3184 1194 3238 cap.
1205 3168 1239 3223 33
1251 3178 1277 3223 et
1286 3172 1328 3225 49.
1344 3170 1366 3225 Ε
1384 3172 1403 3225 i·

237 3234 348 3357 plplmips
365 3235 464 3354 hapres.
475 3236 576 3355 {xxi
599 3236 751 3356 Phssaiiius
768 3235 868 3290 haeres.
876 3236 1027 3291 XXXVIII.
1045 3236 1198 3291 Timotheus
1213 3240 1349 3309 presbyter
1359 3190 1403 3293 iil.

289 3344 295 3356 .
337 3320 474 3356 perusinus
506 3321 586 3356 aeres.
598 3320 628 3356 ea
640 3324 676 3357 r..
705 3347 711 3359 .

288 3348 437 3439 Ceririihus]
450 3371 601 3424 Timotheus
610 3322 745 3442 piesbpter
757 3373 801 3425 iol.
810 3372 869 3426 931.
889 3372 1063 3441 Baptisuatar
1070 3372 1222 3437 Sabelliani,
1235 3376 1404 3441 Corinthiaci,

236 3441 428 3504 Menandriaai,
443 3440 573 3493 Ebirmocr'.
591 3440 728 3493 Corinthus
740 3448 827 3493 autem
840 3439 969 3494 Christum
981 3459 1015 3494 ax
1027 3442 1127 3495 semiue
1137 3442 1194 3496 lose
1214 3441 1334 3498 boatum
1364 3463 1404 3498 ro·

236 3511 323 3580 ponit,
341 3509 472 3561 hominem
489 3510 562 3561 illurn
580 3510 760 3562 tantummodo
777 3511 833 3562 siue
850 3510 984 3562 divinitate
1002 3510 1170 3566 contendeus.
1188 3461 1313 3567 iieuaeus
1324 3464 1371 3569 tii.
1385 3514 1403 3567 I.

237 3595 293 3648 cap.
307 3579 391 3631 XXV.
403 3579 541 3647 augustin.
554 3576 653 3629 haeres.
666 3578 732 3631 Vlll.
744 3578 764 3629 E
775 3579 791 3630 ri
802 3577 904 3631 ›hauius
916 3576 1016 3634 haeres.
1026 3578 1148 3633 XXVIII.
1164 3580 1318 3637 Tertulliau.
1331 3600 1404 3653 prae-

237 3648 368 3767 scription.
382 3648 504 3699 adversus
515 3646 612 3699 haeret.
625 3662 681 3715 cap.
691 3647 761 3699 XLV
775 3596 805 3699 II

308 3714 424 3781 horinos]
443 3716 466 3767 ls
479 3715 610 3768 Christum
623 3716 802 3767 tantummodo
814 3716 946 3769 homiuem
958 3715 1105 3769 solitarium
1122 3717 1231 3781 adserit,
1249 3720 1293 3773 eui
1328 3720 1404 3773 rinei·

256 3784 308 3835 ium
321 3785 444 3837 adscribit
455 3802 488 3836 ex
501 3785 592 3837 Maria.
612 3784 762 3836 Vincentius
774 3784 916 3837 Lirinensis
928 3791 1019 3837 contra
1030 3784 1129 3839 haeres.
1142 3802 1199 3857 cap.
1208 3786 1281 3843 XVI.
1334 3790 1404 3842 arius

236 3802 383 3904 Victorinus
401 3853 463 3905 hier
480 3854 603 3905 adsersus
620 3853 724 3905 Arrium
740 3853 784 3904 lib.
797 3853 820 3907 i.
837 3852 883 3907 iol.
893 3852 950 3905 288.
960 3852 1018 3905 294.
1040 3853 1194 3924 Fulgentius
1207 3855 1241 3907 ad
1251 3856 1405 3911 Trasimun·

237 3920 298 3972 dum
311 3922 410 3987 Regem
423 3922 466 3973 lib.
479 3921 500 3975 1.
513 3922 557 3975 iol.
568 3922 609 3974 37.
633 3922 770 3991 Augustis.
784 3920 815 3972 de
827 3919 926 3977 haeres.
940 3938 997 3991 cap.
1006 3921 1097 3975 XLIV.
1109 3923 1163 3976 Leo
1174 3922 1223 3977 PP.
1235 3924 1257 3977 l.
1270 3942 1349 3981 serm.
1362 3926 1404 3981 IV.

237 3989 268 4040 cle
280 3988 413 4043 Nativitat.
426 3989 531 4041 Domini
544 4008 568 4059 p.
580 3990 620 4041 37.
645 3990 742 4042 Ruisrn.
753 3990 781 4042 in
793 4006 826 4041 ex
846 3990 957 4043 ositione
969 4008 982 4041 s
994 3991 1084 4043 'mboli
1094 3991 1139 4044 iol.
1147 3990 1190 4047 87.
1208 3991 1323 4063 Vigilius
1335 3996 1405 4047 hiar-

236 4065 277 4126 tyr
289 4058 332 4111 lib.
345 4058 367 4111 I.
386 4066 476 4109 corrtra
488 4057 628 4126 Eutychen.
647 4058 807 4179 Epiphanius
823 4006 923 4112 iberes.
933 4008 1034 4119 LXXI.
1052 4058 1114 4111 Nice
1133 4058 1213 4113 horus
1224 4060 1348 4115 Calliam
1359 4064 1405 4115 lib.

236 4126 281 4180 IX.
295 4143 351 4195 cap.
360 4126 461 4178 XXXI.
480 4126 641 4179 Sozornenns
652 4128 670 4179 li
691 4169 696 4180 .
707 4128 751 4179 IV.
763 4143 819 4196 cap.
828 4126 860 4180 V.
873 4127 988 4179 ilistorIa
999 4078 1166 4199 Tripuriiib.
1175 4130 1206 4181 V.
1223 4146 1280 4201 cap.
1289 4130 1321 4185 V.
1345 4130 1406 4185 Plri-

234 4195 340 4313 Vinius
352 4193 450 4314 bimi·
461 4196 539 4248 LXV.
558 4194 706 4248 Theodotus
719 4197 836 4265 Ancyrae
848 4197 960 4265 episcop.
972 4196 999 4248 in
1012 4197 1083 4249 Actis
1095 4196 1192 4251 Cerrcil.
1203 4196 1330 4269 Epheaini
1340 4206 1405 4255 tom.

250 4279 392 4317 nea)...

287 4280 348 4400 Caii.
361 4331 424 4385 Llll.
441 4361 474 4369 -
493 4331 611 4394 Quotidie
629 4332 806 4385 Eucharistiae
824 4334 1034 4386 eorunnmionem
1051 4335 1194 4417 percipere]
1225 4334 1255 4387 In
1271 4334 1407 4405 primitiva

236 4401 351 4461 ecclesia,
364 4416 423 4451 curn
436 4416 533 4465 magna
544 4399 627 4451 adhue
639 4402 742 4469 rigebat
756 4402 816 4453 srdei
827 4401 942 4465 devocio,
958 4402 1049 4455 iideles
1079 4404 1176 4458 uotrdie
1187 4406 1397 4461 communicasse

237 4474 326 4519 notum
339 4486 371 4520 ex
384 4468 491 4520 Actibus
504 4469 688 4537 apostolorum.
701 4475 726 4520 et
738 4470 848 4539 epistola
859 4470 981 4523 decretali
993 4422 1112 4525 Anaeieti
1122 4472 1209 4543 Papae
1220 4478 1285 4529 tom.
1294 4474 1315 4527 I.
1336 4446 1407 4529 conf

236 4535 277 4585 cil.
295 4537 339 4589 t'ol.
353 4537 393 4588 515.
411 4538 508 4588 Mansit
525 4553 556 4587 ea
574 4537 734 4589 consuetudo
752 4555 836 4607 usque
853 4538 885 4589 ad
903 4546 1015 4592 aetatem
1034 4541 1156 4611 Cypriani
1177 4548 1203 4595 et
1217 4542 1361 4613 hugnami
1378 4546 1406 4601 ia

235 4602 333 4669 Africa,
346 4606 494 4669 Mediolani,
506 4606 613 4669 Itomae,
625 4606 689 4658 etin
701 4606 838 4675 llispauia,
856 4623 938 4677 usque
950 4608 983 4661 ad
995 4610 1126 4665 Ambrosii
1137 4616 1162 4663 et
1172 4610 1327 4683 Hieronymi
1337 4618 1404 4667 tem·
