3046 5124
1088 298 1095 319 ι

464 359 503 400 DE
516 358 742 400 EOOEMIAS'HGIS
754 358 945 400 DOGU'HBUU.
1225 362 1287 427 337

125 517 243 601 gratis,
264 522 300 580 ut
317 514 387 580 vult
405 515 530 597 Attius,
558 515 636 580 nihil
658 517 797 581 anterius
819 517 1014 600 posteriusve
1037 516 1232 596 autminus,
1252 522 1289 579 ut

124 619 238 700 Arius,
257 617 338 682 nihil
357 622 540 683 extraneum
561 625 616 682 aut
634 618 784 683 ⁴officiale
799 617 906 698 alteri,
926 624 962 682 ut
975 616 1189 699 Macedonius,
1209 617 1289 683 nihil

124 720 330 807 ‘pervasione
345 728 399 784 aut
413 724 607 805 surreptione
621 723 784 802 insertum,
798 728 835 785 ut
849 719 1065 800 Manichacus,
1085 719 1164 783 nihil
1180 740 1287 805 corpo·

123 830 231 904 reum,
251 830 287 886 ιιι
299 823 406 888 Melite
427 830 460 886 et
479 823 707 887 Tertullianus:
728 823 808 886 nihil
830 822 1029 907 corporaliter
1047 822 1232 904 effigiatum,
1253 828 1289 886 ut

124 924 455 1011 ‘Anthropomorphus
471 932 503 989 ιι
513 926 700 1007 ⁷Vadianus,
716 925 795 990 nihil
806 926 865 989 sibi
882 924 1067 1007 ⁸invisibile,
1081 931 1118 989 ut
1128 924 1288 1006 Origenes,

124 1027 207 1093 nihll
222 1031 372 1092 creaturis
387 1028 526 1110 visibile,
546 1035 582 1092 ut
595 1029 798 1110 Fortunatus,
817 1027 897 1091 nihil
911 1028 1049 1092 moribus
1063 1026 1115 1091 vel
1128 1026 1287 1092 voluntate

126 1128 302 1213 diversum,
323 1136 360 1194 ut
374 1130 525 1211 Marcion,
548 1131 626 1195 nihil
643 1152 680 1195 ex
696 1133 848 1199 trinitatis
869 1133 1007 1194 essentia
1020 1130 1061 1194 ad
1077 1135 1287 1193 creaturarum

125 1237 273 1296 usturam
288 1232 472 1314 deductum,
492 1238 529 1296 ut
547 1233 635 1296 Plato
650 1238 682 1295 et
692 1232 914 1314 Tertullianus,
929 1232 1008 1296 nihil
1019 1232 1119 1296 officio
1132 1232 1287 1314 singulare

125 1354 187 1398 uec
202 1334 292 1398 alteri
307 1334 580 1417 communicabile,
601 1342 636 1398 ut
652 1336 813 1418 Origenes,
833 1335 911 1398 nihil
927 1335 1106 1415 confusum,
1126 1340 1162 1397 ut
1176 1333 1287 1398 Sabel-

125 1435 205 1514 lius;
221 1436 278 1500 sed
291 1443 392 1502 totum
406 1437 599 1523 perlectum,
617 1438 689 1521 quia
708 1443 809 1502 totum
829 1457 868 1500 ex
888 1456 948 1500 uno
970 1443 1003 1500 et
1016 1436 1147 1501 9ιιιιιιιιιι
1161 1457 1224 1501 non
1238 1443 1287 1501 ta-

124 1558 201 1603 men
217 1538 400 1622 solitarium,
414 1546 450 1603 ut
463 1547 668 1626 praesumunt
680 1542 816 1605 Praxeas
828 1545 860 1603 ιι
871 1539 1035 1624 sylvanus,
1050 1539 1289 1627 Pentapolitana

127 1639 318 1706 damnabilis
333 1642 388 1706 ille
403 1642 553 1707 doctrina.

192 1743 393 1808 ιΗοιιιιιιιιίιι
409 1765 495 1827 ergo,
514 1746 547 1809 id
563 1750 611 1808 est
631 1746 843 1810 ocisseutialis
864 1746 898 1810 iu
919 1745 1082 1809 divinitate
1098 1747 1178 1830 patri
1194 1745 1288 1827 lilius,
1306 1767 1355 1818 esp.
1373 1766 1398 1807 v.

125 1845 305 1911 homousios
320 1850 402 1932 petri
417 1854 449 1910 ιι
463 1848 526 1912 filio
542 1850 669 1932 spiritus
685 1855 828 1929 sanctus,
847 1849 1025 1912 homousios
1046 1847 1103 1913 deo
1124 1855 1156 1912 et
1169 1848 1286 1913 homini

126 1947 240 2031 ’thos
255 1970 386 2013 manens
403 1950 479 2013 deus
495 1953 528 2013 in
543 1949 667 2013 homine
684 1971 739 2014 suo
754 1953 787 2013 in
802 1950 899 2032 gloria
913 1953 1028 2035 patrie,
1048 1948 1147 2014 ³uuus
1163 1951 1286 2015 deside·

126 2051 238 2129 rabilis
258 2051 358 2115 videri
377 2051 417 2114 ab
437 2052 571 2134 angelis,
593 2053 675 2114 siout
695 2058 785 2136 pstor
805 2058 837 2114 ιι
851 2053 980 2137 spiritus
1002 2059 1128 2117 sanctus
1143 2053 1288 2117 adoretur

127 2156 167 2221 sb
183 2153 304 2237 angelis
319 2160 352 2218 et
361 2154 400 2218 sb
413 2157 497 2218 omni
510 2160 665 2236 creatura,
676 2175 738 2217 non
749 2153 856 2219 ⁴hcmo
868 2160 992 2239 praeter
1004 2155 1106 2237 deum,
1121 2155 1188 2219 ⁵vel
1198 2156 1285 2220 Chri-

127 2262 196 2321 stus
211 2276 283 2321 oum
299 2255 366 2338 deo,
382 2259 463 2321 sicut
475 2256 855 2342 blasphematNestorius,
871 2258 925 2322 sed
936 2257 1027 2322 homo
1038 2258 1073 2320 in
1083 2257 1152 2340 deo,
1167 2264 1199 2322 et
1210 2258 1286 2322 deus

113 2342 160 2424 'in
174 2359 311 2424 homine.

189 2462 258 2527 Erit
271 2465 455 2527 resurrectio
469 2469 660 2528 mortuorum
676 2464 814 2527 omnium
829 2461 999 2545 homiuum,
1015 2463 1070 2528 s'ed
1085 2485 1149 2527 uns
1163 2469 1195 2527 et
1208 2465 1286 2527 insi·
1304 2485 1355 2537 cip.
1367 2484 1404 2528 ιι.

125 2564 193 2629 mul
207 2570 241 2628 et
255 2564 363 2647 semel,
379 2586 440 2630 non
455 2566 556 2650 prima
569 2568 731 2647 iustorum,
747 2571 779 2628 et
793 2566 931 2630 secunda
944 2574 1157 2652 peccatorum,
1173 2569 1225 2629 ¹ut
1239 2567 1254 2629 i
1271 2602 1285 2615 ·

126 2667 202 2732 bula
216 2672 266 2731 est
281 2668 512 2749 somniatorum,
529 2668 584 2732 sed
599 2688 662 2731 uns
676 2669 823 2734 omnium.
854 2669 935 2732 Etsi
950 2670 983 2734 id
998 2690 1156 2752 resurgere
1173 2669 1286 2741 dicitur

126 2769 211 2855 quod
226 2769 335 2852 catlit,¹
346 2791 417 2835 caro
438 2791 509 2852 orgo
524 2777 631 2834 nostra
645 2771 677 2834 in
693 2773 824 2835 veritate
840 2774 990 2853 resurgit,
1010 2774 1093 2835 sicut
1106 2775 1140 2835 in
1154 2774 1284 2836 veritate

126 2873 226 2938 cadit:
242 2879 275 2936 et
288 2894 351 2938 non
366 2873 538 2937 secundum
555 2874 719 2955 Origenem
734 2874 908 2938 immutatio
924 2895 1085 2959 corporum
1101 2875 1175 2957 erit,
1190 2875 1223 2938 id
1238 2881 1286 2938 est

118 2976 212 3065 aliud
227 2996 343 3040 novum
358 2996 468 3060 corpus
484 2996 538 3061 pro
554 2996 662 3057 carue,
683 2975 738 3039 sed
759 2975 867 3040 eadem
888 2998 957 3041 caro
977 2977 1187 3062 corruptibilis
1207 2998 1285 3060 quae

125 3066 222 3163 cedit,
236 3084 302 3142 tem
312 3080 463 3143 iustorum
475 3098 565 3162 quam
580 3080 775 3159 iniustorum,
786 3079 1032 3165 incorruptibilis
1043 3086 1194 3164 resurget,
1206 3100 1286 3165 quae

124 3181 177 3247 rol
190 3200 325 3271 poenam
340 3182 467 3245 sufferre
482 3180 582 3265 possit
596 3179 820 3265 propeccatis,
839 3181 889 3244 vel
911 3182 1062 3269 ingloria
1075 3189 1204 3248 aeterna
1216 3205 1284 3249 ma·

124 3304 201 3349 uere
215 3305 273 3370 pro
287 3286 417 3349 meritis.

190 3386 356 3451 ¹Omnium
367 3385 801 3451 hominumeritresurrectio:
817 3383 1168 3472 ²siomuiumerit,argo
1178 3410 1284 3455 omnes
1303 3409 1352 3461 cap.
1367 3409 1412 3449 vn.

124 3493 311 3572 moriuntur,
326 3495 361 3552 ut
375 3510 457 3554 mors
473 3490 511 3553 ab
528 3488 630 3553 Adam
645 3489 739 3555 ducta
754 3492 898 3555 omnibus
919 3491 993 3555 filiis
1013 3495 1079 3556 eius
1100 3494 1284 3574 dominetur,

126 3599 160 3659 et
172 3599 303 3658 maneat
316 3592 396 3658 illud
409 3593 605 3678 privilegium
618 3593 652 3657 in
669 3593 792 3659 domino
809 3594 890 3678 quod
906 3595 944 3659 de
964 3615 999 3659 ec
1015 3595 1191 3680 specialiter
1206 3596 1283 3659 dici-

125 3702 191 3762 tur:
206 3695 302 3762 3Νιι
322 3695 413 3761 oete
425 3707 569 3762 sonetum
587 3708 675 3762 tuam
693 3699 798 3762 videre
818 3691 1056 3784 corruptionem.
1093 3697 1184 3762 ⁴Eius
1200 3697 1285 3765 enim

124 3880 191 3943 nihil
200 3883 339 3954 inaequale
350 3884 457 3954 gratiae.
470 3885 544 3937 Haeo
555 3886 633 3938 veroa
641 3886 722 3954 plane
732 3887 832 3937 inducit
842 3883 1017 3937 eoolFlorent.
1029 3883 1063 3937 D.
1074 3882 1170 3935 Marci.
1204 3883 1228 3936 4.
1238 3884 1285 3938 otf-

125 3952 195 4006 teile
207 3955 262 4007 cod.
274 3952 388 4007 Florent.
451 3952 476 4007 5.
491 3955 535 4005 Ito
547 3957 606 4009 edit.
619 3954 723 4018 Bened,
735 3957 825 4008 stood.
837 3954 911 4008 Flor.
926 3954 1012 4004 Antea
1023 3954 1097 4020 vulpe
1108 3954 1284 4023 persuasione.
1380 3974 1392 4029 ι

126 4020 151 4076 6.
165 4020 243 4074 Forte
254 4020 540 4091 Authrcpomorphitae.
553 4022 668 4091 (Bened.)
731 4022 754 4077 7.
767 4023 899 4076 Audianus
915 4023 967 4071 urolt
984 4022 1108 4072 Donasse
1124 4024 1161 4073 od
1176 4023 1283 4089 stupeat.

126 4088 169 4141 De
178 4088 288 4144 Haeret.
302 4107 360 4159 cap.
373 4092 396 4144 1.
415 4090 556 4143 Nadicinus
569 4093 623 4145 cod.
637 4091 749 4145 Floreat.
801 4090 825 4143 8.
838 4089 994 4142 invisibiles
1006 4089 1141 4154 creaturis,
1154 4094 1183 4142 ut
1194 4089 1283 4160 Orige-

124 4174 175 4280 uBe:
184 4158 278 4279 hospitem
288 4161 357 4222 editi,
371 4168 395 4211 et
405 4159 519 4210 Elmenls.
583 4160 606 4214 9.
619 4160 680 4211 Post
690 4176 771 4213 unum
785 4161 848 4212 editi
863 4160 900 4219 (ot
910 4157 1037 4221 Elmenh.)
1055 4160 1154 4210 addunt
1170 4175 1202 4211 ex
1219 4165 1282 4214 ιοιο.

176 4244 194 4280 n
227 4269 234 4281 .

112 4226 134 4311 ‘l
194 4228 256 4366 Gall.
268 4296 299 4350 V.
311 4325 345 4335 -
359 4295 381 4350 l.
395 4294 543 4365 Ὁμοιιισιος
556 4298 615 4350 edit.
630 4297 752 4359 Eloaenh„
764 4306 793 4347 ot
803 4304 828 4346 et
837 4298 864 4346 in
875 4312 941 4363 seqq.
987 4294 1011 4347 2.
1023 4310 1091 4347 unus
1102 4295 1172 4348 filius
1185 4299 1223 4351 ed.
1237 4296 1283 4348 El-

125 4364 206 4419 nni.
256 4363 281 4418 3.
293 4381 360 4417 unus
372 4384 417 4418 om.
430 4367 488 4416 edit.
501 4363 616 4419 Elmest.
669 4365 782 4418 themo
795 4364 992 4434 lactuspraster
1009 4366 1084 4429 editi,
1101 4383 1155 4416 cam
1167 4364 1281 4420 Elmenh.

125 4431 152 4488 ὁ.
164 4432 210 4485 seul
222 4435 276 4486 eod.
290 4432 402 4487 Floreat.
1320 4444 1323 4449 '

195 4500 259 4573 Gap,
270 4501 313 4556 VI.
326 4531 360 4541 -
374 4501 395 4553 1.
407 4500 479 4553 MSS.
492 4507 522 4554 ut
532 4501 622 4554 fabula
633 4503 786 4556 somniatur.
805 4500 925 4570 (Bened.)

195 4568 216 4623 0
252 4608 258 4621 .
271 4569 325 4624 VII.
339 4601 371 4610 -
385 4570 407 4623 l.
420 4569 542 4623 Omnium
554 4571 623 4622 enim
634 4569 769 4624 hominum
781 4572 820 4623 ert.
833 4569 947 4622 Elment.
982 4570 1006 4624 2.
1018 4568 1074 4624 lmo
1087 4572 1281 4644 quodomnium

127 4638 202 4692 erite
236 4638 368 4694 ‚Florem
419 4637 619 4702 3.Psa1m.xv‚
635 4639 673 4691 10.
723 4640 748 4695 4.
768 4638 1281 4697 Verballiuseuimcarononriditcor-

66 4902 127 5102 s
