3046 5124
260 360 321 426 236
723 359 952 402 smnussrnurr

128 545 178 598 a,
192 546 241 588 m.
321 515 513 582 Duodecimn
533 517 671 582 haeresis
692 516 984 582 ¹Secundiaucrum.
1027 519 1095 585 Hoc
1115 518 1218 586 solum
1239 541 1260 585 a
1278 519 1412 589 Valenti·

258 619 361 683 niauis
376 618 504 701 distant,
518 622 592 704 quia
605 619 808 685 addunthuic
819 626 924 685 sectae
936 623 1031 686 etiam
1040 622 1272 707 turpitudinem
1284 627 1414 710 corporis

201 728 209 749 ·
259 742 352 806 quam
365 720 474 807 ²quasi
487 721 535 787 illi
547 722 747 808 pseudocasti
762 722 919 788 declinare
935 744 969 787 se
981 724 1139 789 simulant
1176 726 1243 791 Hos
1259 726 1415 792 damnavit

256 824 411 891 Diodorus
426 828 592 912 episeopus
607 826 776 891 Cretensis.

118 955 168 1008 021».
181 956 240 997 xm.
320 927 550 994 Tertiadeeima
562 929 701 994 haeresis
717 928 949 1012 ¹Ptolemaitae,
967 930 1179 997 aPtolemseo
1194 931 1359 999 Valentini
1372 933 1413 999 di-

258 1030 393 1118 scipulo,
412 1034 466 1117 qui
483 1031 564 1097 hauc
584 1033 717 1098 eandem
740 1033 896 1098 haeresim
915 1036 1018 1099 aerius
1038 1028 1228 1120 disphtaudo
1254 1035 1415 1123 dispersit:

257 1137 311 1219 qui
330 1135 440 1200 eodem
459 1141 599 1220 tempore
624 1157 644 1200 a
664 1142 773 1202 sancto
793 1136 952 1202 Zacchaeo
978 1145 1246 1222 supramemorato
1274 1143 1415 1228 episeopo

257 1237 450 1303 Caesariensi
469 1237 634 1303 damnatus
655 1245 711 1303 est.
747 1240 918 1304 Haeresem
931 1246 1038 1305 tamen
1051 1243 1224 1325 pessimam
1244 1263 1303 1329 per
1322 1243 1416 1309 multa

255 1343 359 1426 spatia
372 1343 500 1405 orientis
516 1340 671 1426 dispersit.

118 1470 238 1522 c.,‚,x1v,
321 1442 557 1521 Quartadecima
570 1445 708 1510 haeresis
723 1445 859 1511 aMarco
875 1445 1011 1531 quodam
1025 1451 1074 1510 est
1087 1445 1274 1530 meeum,
1293 1452 1350 1533 qui
1362 1470 1414 1515 ue·

256 1567 333 1629 gans
348 1549 607 1612 resurrectionem
627 1551 730 1613 carnis
746 1547 904 1612 Christum
918 1569 981 1613 non
995 1568 1068 1613 vere
1082 1568 1229 1634 passum,
1249 1550 1309 1616 sed
1327 1559 1414 1637 puta·

256 1651 331 1729 tive,
346 1650 516 1714 conabatur
534 1650 703 1716 adstruere.
739 1651 830 1716 Hunc
850 1658 978 1716 sanctus
999 1651 1155 1734 Clemens,
1173 1653 1343 1739 episcopus
1357 1654 1414 1720 Ro·

255 1771 367 1815 manus
388 1757 420 1815 et
439 1751 640 1834 dignissimus
654 1759 783 1839 martyr,
798 1756 868 1818 fixis
881 1761 913 1818 et
922 1756 1052 1837 integris
1063 1754 1297 1823 adsertionibus
1309 1759 1414 1823 coniu-

256 1860 326 1917 taus
346 1860 378 1918 et
401 1876 505 1920 coram
525 1859 611 1921 omni
634 1857 725 1942 plebe
746 1859 778 1921 in
799 1857 934 1922 ecclesia
959 1857 1105 1940 detegens
1130 1864 1262 1924 aeterna
1286 1859 1413 1925 demna·

256 1959 339 2021 tione
361 1960 499 2044 punivit,
525 1959 640 2024 doeens
659 1981 732 2025 vero
756 1964 918 2025 natumst
941 1980 1069 2045 passum
1093 1960 1258 2027 dominum
1276 1970 1415 2030 nostrum

255 2064 359 2127 lesum
374 2063 543 2145 Christum,
557 2063 635 2128 nihil
650 2063 689 2128 ab
704 2085 740 2128 eo
755 2066 788 2128 in
799 2062 966 2149 phantasia
979 2063 1097 2131 factum
1112 2085 1374 2148 commemorans,
1387 2072 1416 2131 et

255 2165 415 2231 evidenter
435 2166 603 2231 ostendens
628 2167 711 2251 quod
736 2170 851 2232 veritas
874 2168 1005 2231 inimica
1024 2166 1171 2232 falsitatis
1194 2167 1311 2233 salsum
1329 2171 1365 2234 in
1385 2190 1415 2233 se

255 2268 333 2334 nihil
347 2271 473 2355 penitus
487 2270 603 2334 habere
618 2273 765 2354 potuerit,
783 2273 867 2335 sicut
885 2290 944 2333 neo
965 2269 1019 2334 lux
1038 2272 1072 2334 iu
1091 2290 1125 2335 se
1140 2271 1290 2337 tenebras
1304 2270 1416 2338 habere

255 2379 373 2457 potest,
388 2393 445 2437 nec
461 2373 638 2438 benedictio
657 2371 926 2454 maledictionem,
947 2379 979 2436 et
999 2375 1026 2436 si
1045 2375 1107 2437 ista
1126 2376 1326 2441 commisceri
1345 2396 1415 2462 pes-

256 2482 336 2557 sent,
352 2476 446 2540 deum
460 2481 565 2539 tamen
581 2477 687 2540 docuit
701 2475 862 2555 mendacio
879 2475 1072 2563 impossibile
1088 2496 1157 2542 esse
1171 2480 1311 2545 misceri.

129 2600 179 2651 cap.
193 2601 237 2640 xv.
319 2578 555 2655 Quintadeeima
574 2578 712 2643 haeresis
739 2578 979 2644 ¹Colorbasiana
999 2600 1019 2643 a
1038 2578 1216 2645 Colorbasio
1239 2582 1416 2649 adinventa

254 2681 359 2745 Vitam
375 2702 498 2746 omnem
513 2682 675 2747 homiuum
689 2685 722 2746 in
738 2688 859 2768 septem
874 2683 974 2746 stellis
990 2703 1059 2746 esse
1070 2685 1203 2768 positam
1215 2683 1416 2751 adfirmabat:

256 2792 287 2849 et
307 2786 364 2849 has
388 2806 455 2849 esse
477 2792 598 2870 septem
619 2785 786 2867 ecclesias,
806 2792 838 2849 et
857 2791 979 2870 septem
999 2785 1188 2851 candelabra
1207 2807 1306 2853 aurea
1325 2811 1416 2856 cona·

256 2890 346 2954 batur
359 2889 529 2952 adstruere.
566 2889 657 2953 Hunc
675 2894 801 2953 sanctus
822 2888 1001 2953 Theodotus
1022 2888 1059 2953 de
1081 2889 1232 2972 Pergamo
1253 2893 1417 2979 episcopus

255 2992 362 3056 habita
377 2992 493 3074 synodo
507 2998 627 3076 septem
639 2995 856 3077 episcoporum
867 2991 1151 3074 anathematizavit,
1166 2992 1285 3058 docens
1297 3002 1418 3082 septem

255 3095 403 3158 ecclesias
420 3097 452 3157 in
467 3096 639 3180 septiformi
656 3098 768 3179 spiritu
784 3101 992 3160 consecratas.
1029 3094 1102 3160 Una
1115 3096 1215 3161 forma
1230 3103 1291 3179 est,
1305 3099 1418 3184 inquit,

256 3218 327 3262 cum
346 3201 379 3261 in
398 3198 497 3261 forma
517 3220 610 3282 quam
629 3201 748 3283 primus
775 3198 866 3262 homo
891 3200 1040 3263 amiserat
1063 3206 1240 3279 revocatum
1267 3200 1417 3283 secunda,

256 3321 327 3365 cum
347 3301 565 3365 immaculatus
582 3303 633 3384 qui
655 3306 721 3364 erat
741 3306 887 3385 peccator
902 3301 1049 3379 efficitur3
1068 3304 1177 3384 tertia,
1192 3324 1265 3367 cum
1279 3323 1321 3368 ex
1335 3310 1417 3369 terre

255 3425 366 3488 eorpus
381 3410 537 3468 mortuum
553 3404 769 3482 suscitabitur3
792 3411 918 3488 quarta,
940 3426 1012 3469 cum
1025 3406 1131 3469 anima
1146 3404 1185 3469 da
1200 3405 1317 3471 iniemi
1332 3406 1417 3473 clau·

256 3511 328 3572 stris
352 3508 483 3583 eruitur3
510 3509 634 3590 quinta,
662 3507 744 3590 quod
769 3509 875 3571 anima
899 3506 1254 3592 paradisihabitatioue
1274 3508 1420 3592 laetatur,

255 3630 414 3695 quousque
435 3630 547 3694 corpus
570 3630 660 3673 suum
678 3610 913 3695 incorruptibile
938 3613 1084 3695 recipiat3
1109 3617 1213 3694 serta,
1233 3612 1321 3696 quod
1338 3612 1419 3680 lilios

254 3713 323 3778 ²dei
338 3714 413 3777 facit
427 3715 480 3796 qui
495 3718 584 3776 erant
599 3712 655 3775 filii
668 3713 771 3789 Adae3
798 3715 946 3798 septima,
968 3713 1051 3797 quod
1066 3714 1141 3780 lacit
1154 3714 1317 3782 hominem
1331 3718 1420 3801 regni

255 3816 412 3882 caelorum
428 3836 496 3880 esse
512 3817 704 3901 participem.
742 3815 807 3879 Has
827 3836 896 3880 esse
916 3819 1017 3881 sancti
1037 3819 1167 3903 spiritus
1187 3816 1305 3885 formas
1319 3822 1355 3885 iu
1369 3840 1419 3887 se·

306 4123 367 4195 Gap.
379 4124 437 4178 XII.
450 4153 484 4163 -
497 4125 519 4177 1.
532 4123 755 4176 Evandrianomm
762 4122 836 4178 MSS.
847 4123 969 4189 Barasasa,
982 4124 1059 4194 Any,
1071 4123 1184 4179 Danaas.
1201 4124 1344 4180 Hecates-r·
1360 4137 1420 4182 turs

255 4202 313 4245 orta
325 4202 362 4244 est
373 4196 404 4245 de
414 4197 546 4262 scriptura
558 4192 724 4256 Serendiaui‚
737 4210 811 4259 qaam
818 4210 886 4262 pars
897 4194 1164 4261 librorumaiapueb'ni
1172 4194 1304 4248 tueturDe
1338 4214 1419 4251 m.

256 4279 320 4383 pipp!
330 4261 614 4398 ltgmpssppbepggrdiani.
678 4260 702 4313 2.
720 4261 758 4314 illi
775 4261 850 4331 quasi
866 4266 967 4330 reponit
981 4262 1004 4314 I.
1018 4260 1051 4314 B.
1064 4260 1202 4315 Onerariae
1213 4260 1289 4319 Eccl.
1304 4264 1352 4319 Gr.
1364 4264 1420 4320 Πο-

307 4413 369 4484 Gap.
381 4415 452 4467 Xlll.
468 4446 501 4454 -
525 4417 545 4468 1.
557 4415 725 4468 Ptolemaitae
741 4414 795 4467 MS.
814 4416 883 4483 Aac.
895 4416 1065 4470 Ptolemeitse
1082 4418 1140 4473 edd.
1156 4415 1234 4471 Sim
1251 4426 1278 4471 et
1293 4418 1419 4475 solans

256 4482 423 4554 ptholemeite
436 4499 451 4535 a
462 4485 594 4553 ptolomeo
607 4484 683 4535 babet
694 4486 749 4536 cod.
762 4501 806 4536 nce.
818 4483 955 4540 Darreasr's.

307 4568 369 4688 Gap.
381 4568 440 4622 XV.
453 4600 486 4610 -
509 4571 530 4621 l.
543 4569 730 4623 Colobrssiaua
745 4586 762 4623 a
778 4568 929 4623 Golobrasio
946 4570 1021 4627 MSS.
1034 4572 1161 4637 Berressa,
1179 4572 1292 4628 mam.
1309 4584 1338 4629 et
1351 4576 1418 4647 Any.

258 4637 281 4692 2.
295 4637 336 4690 dei
366 4638 425 4690 coer
434 4637 569 4706 ,lis-Any.
583 4638 630 4689 deo
643 4640 700 4690 edd.
712 4638 789 4695 Sr'rm.
801 4647 826 4691 et
837 4640 960 4693 Galluad.
