<?xml version="1.0" encoding="UTF-8"?>
<!DOCTYPE html PUBLIC "-//W3C//DTD XHTML 1.0 Transitional//EN"
    "http://www.w3.org/TR/xhtml1/DTD/xhtml1-transitional.dtd">
<html xmlns="http://www.w3.org/1999/xhtml" xml:lang="en" lang="en">
 <head>
  <title>
</title>
<meta http-equiv="Content-Type" content="text/html;charset=utf-8" />
  <meta name='ocr-system' content='tesseract 3.04.00' />
  <meta name='ocr-capabilities' content='ocr_page ocr_carea ocr_par ocr_line ocrx_word'/>
</head>
<body>
  <div class='ocr_page' id='page_1' title='image "./corporishaerese02unkngoog_0290.png"; bbox 0 0 3046 5124; ppageno 0'>
   <div class='ocr_carea' id='block_1_1' title="bbox 246 1258 1161 1519">
    <p class='ocr_par' dir='ltr' id='par_1_1' title="bbox 246 1258 1161 1519">
     <span class='ocr_line' id='line_1_1' title="bbox 372 1258 1044 1401; baseline 0.004 -51"><span class='ocrx_word' id='word_1_1' title='bbox 372 1258 1044 1401; x_wconf 70' lang='lat' dir='ltr'>PquDO-TERuuLLIANI</span> 
     </span>
     <span class='ocr_line' id='line_1_2' title="bbox 246 1448 1161 1519; baseline -0.002 0"><span class='ocrx_word' id='word_1_2' title='bbox 246 1448 394 1519; x_wconf 80' lang='lat' dir='ltr'>erens</span> <span class='ocrx_word' id='word_1_3' title='bbox 419 1450 680 1517; x_wconf 78' lang='lat' dir='ltr'>snvnnsns</span> <span class='ocrx_word' id='word_1_4' title='bbox 707 1451 869 1518; x_wconf 84' lang='lat' dir='ltr'>onnes</span> <span class='ocrx_word' id='word_1_5' title='bbox 895 1451 1161 1519; x_wconf 79' lang='lat' dir='ltr'>nnnsnsns.</span> 
     </span>
    </p>
   </div>
   <div class='ocr_carea' id='block_1_2' title="bbox 123 1752 1400 3650">
    <p class='ocr_par' dir='ltr' id='par_1_2' title="bbox 123 1752 1387 2813">
     <span class='ocr_line' id='line_1_3' title="bbox 124 1752 1387 1901; baseline -0.002 -23"><span class='ocrx_word' id='word_1_6' title='bbox 124 1752 319 1899; x_wconf 68' lang='lat' dir='ltr'>¹Quorum</span> <span class='ocrx_word' id='word_1_7' title='bbox 333 1813 570 1894; x_wconf 86' lang='lat' dir='ltr'>haereticorum,</span> <span class='ocrx_word' id='word_1_8' title='bbox 585 1818 620 1878; x_wconf 91' lang='lat' dir='ltr'>ut</span> <span class='ocrx_word' id='word_1_9' title='bbox 635 1811 724 1897; x_wconf 91' lang='lat' dir='ltr'>plura</span> <span class='ocrx_word' id='word_1_10' title='bbox 737 1820 942 1899; x_wconf 86' lang='lat' dir='ltr'>praeteream,</span> <span class='ocrx_word' id='word_1_11' title='bbox 956 1835 1056 1900; x_wconf 90' lang='lat' dir='ltr'>panea</span> <span class='ocrx_word' id='word_1_12' title='bbox 1070 1815 1287 1901; x_wconf 80' lang='lat' dir='ltr'>perstringam.</span> <span class='ocrx_word' id='word_1_13' title='bbox 1307 1833 1356 1887; x_wconf 66' lang='grc' dir='ltr'>σιμ</span> <span class='ocrx_word' id='word_1_14' title='bbox 1369 1832 1387 1876; x_wconf 90' lang='lat' dir='ltr'>r.</span> 
     </span>
     <span class='ocr_line' id='line_1_4' title="bbox 123 1912 1289 2002; baseline 0 -19"><span class='ocrx_word' id='word_1_15' title='bbox 123 1912 247 1983; x_wconf 77' lang='lat' dir='ltr'>&#39;Taceo</span> <span class='ocrx_word' id='word_1_16' title='bbox 262 1917 346 1981; x_wconf 91' lang='lat' dir='ltr'>enim</span> <span class='ocrx_word' id='word_1_17' title='bbox 357 1915 507 1980; x_wconf 74' lang='lat' dir='ltr'>Iudaismi</span> <span class='ocrx_word' id='word_1_18' title='bbox 517 1915 699 1998; x_wconf 91' lang='lat' dir='ltr'>haereticos,</span> <span class='ocrx_word' id='word_1_19' title='bbox 713 1916 898 1982; x_wconf 89' lang='lat' dir='ltr'>Dositheum</span> <span class='ocrx_word' id='word_1_20' title='bbox 909 1919 1037 2000; x_wconf 89' lang='lat' dir='ltr'>inquam</span> <span class='ocrx_word' id='word_1_21' title='bbox 1049 1917 1289 2002; x_wconf 90' lang='lat' dir='ltr'>Samaritannm,</span> 
     </span>
     <span class='ocr_line' id='line_1_5' title="bbox 125 2018 1288 2113; baseline -0.001 -28"><span class='ocrx_word' id='word_1_22' title='bbox 125 2020 181 2113; x_wconf 76' lang='lat' dir='ltr'>qui</span> <span class='ocrx_word' id='word_1_23' title='bbox 195 2021 316 2105; x_wconf 91' lang='lat' dir='ltr'>primus</span> <span class='ocrx_word' id='word_1_24' title='bbox 331 2039 424 2083; x_wconf 87' lang='lat' dir='ltr'>ansus</span> <span class='ocrx_word' id='word_1_25' title='bbox 440 2025 489 2082; x_wconf 90' lang='lat' dir='ltr'>est</span> <span class='ocrx_word' id='word_1_26' title='bbox 501 2018 670 2103; x_wconf 90' lang='lat' dir='ltr'>prophetas</span> <span class='ocrx_word' id='word_1_27' title='bbox 686 2021 774 2103; x_wconf 82' lang='lat' dir='ltr'><strong>quasi</strong></span> <span class='ocrx_word' id='word_1_28' title='bbox 789 2040 852 2084; x_wconf 91' lang='lat' dir='ltr'>non</span> <span class='ocrx_word' id='word_1_29' title='bbox 867 2022 900 2083; x_wconf 92' lang='lat' dir='ltr'>in</span> <span class='ocrx_word' id='word_1_30' title='bbox 915 2021 1027 2105; x_wconf 89' lang='lat' dir='ltr'>spiritu</span> <span class='ocrx_word' id='word_1_31' title='bbox 1042 2026 1149 2085; x_wconf 90' lang='lat' dir='ltr'>sancto</span> <span class='ocrx_word' id='word_1_32' title='bbox 1168 2019 1288 2087; x_wconf 90' lang='lat' dir='ltr'>locutos</span> 
     </span>
     <span class='ocr_line' id='line_1_6' title="bbox 124 2121 1288 2208; baseline 0.002 -22"><span class='ocrx_word' id='word_1_33' title='bbox 124 2121 302 2208; x_wconf 82' lang='lat' dir='ltr'>repudiare,</span> <span class='ocrx_word' id='word_1_34' title='bbox 317 2128 403 2186; x_wconf 92' lang='lat' dir='ltr'>taceo</span> <span class='ocrx_word' id='word_1_35' title='bbox 420 2121 634 2203; x_wconf 88' lang='lat' dir='ltr'>Sadducaeos,</span> <span class='ocrx_word' id='word_1_36' title='bbox 650 2124 703 2205; x_wconf 90' lang='lat' dir='ltr'>qui</span> <span class='ocrx_word' id='word_1_37' title='bbox 719 2143 757 2186; x_wconf 83' lang='lat' dir='ltr'>ex</span> <span class='ocrx_word' id='word_1_38' title='bbox 772 2121 864 2186; x_wconf 91' lang='lat' dir='ltr'>huius</span> <span class='ocrx_word' id='word_1_39' title='bbox 880 2124 992 2186; x_wconf 86' lang='lat' dir='ltr'>erroris</span> <span class='ocrx_word' id='word_1_40' title='bbox 1007 2122 1111 2187; x_wconf 91' lang='lat' dir='ltr'>radice</span> <span class='ocrx_word' id='word_1_41' title='bbox 1127 2129 1288 2206; x_wconf 81' lang='lat' dir='ltr'><strong>surgentes</strong></span> 
     </span>
     <span class='ocr_line' id='line_1_7' title="bbox 126 2224 1289 2308; baseline 0 -18"><span class='ocrx_word' id='word_1_42' title='bbox 126 2225 198 2291; x_wconf 78' lang='lat' dir='ltr'>ausi</span> <span class='ocrx_word' id='word_1_43' title='bbox 217 2225 349 2289; x_wconf 84' lang='lat' dir='ltr'>suntad</span> <span class='ocrx_word' id='word_1_44' title='bbox 369 2226 450 2289; x_wconf 93' lang='lat' dir='ltr'>hanc</span> <span class='ocrx_word' id='word_1_45' title='bbox 470 2224 626 2290; x_wconf 83' lang='lat' dir='ltr'>haeresim</span> <span class='ocrx_word' id='word_1_46' title='bbox 646 2226 742 2289; x_wconf 90' lang='lat' dir='ltr'>ctiam</span> <span class='ocrx_word' id='word_1_47' title='bbox 761 2226 1021 2289; x_wconf 70' lang='lat' dir='ltr'>resurrectionem</span> <span class='ocrx_word' id='word_1_48' title='bbox 1042 2228 1144 2290; x_wconf 90' lang='lat' dir='ltr'>carnis</span> <span class='ocrx_word' id='word_1_49' title='bbox 1165 2237 1289 2308; x_wconf 79' lang='lat' dir='ltr'>negare,</span> 
     </span>
     <span class='ocr_line' id='line_1_8' title="bbox 125 2326 1288 2416; baseline -0.002 -21"><span class='ocrx_word' id='word_1_50' title='bbox 125 2333 340 2416; x_wconf 80' lang='lat' dir='ltr'>praetermitto</span> <span class='ocrx_word' id='word_1_51' title='bbox 351 2328 547 2410; x_wconf 85' lang='lat' dir='ltr'>Pharisaeos,</span> <span class='ocrx_word' id='word_1_52' title='bbox 560 2330 613 2412; x_wconf 90' lang='lat' dir='ltr'>qui</span> <span class='ocrx_word' id='word_1_53' title='bbox 625 2327 838 2392; x_wconf 85' lang='lat' dir='ltr'>additamenta</span> <span class='ocrx_word' id='word_1_54' title='bbox 846 2327 999 2411; x_wconf 90' lang='lat' dir='ltr'>quaedam</span> <span class='ocrx_word' id='word_1_55' title='bbox 1010 2326 1088 2412; x_wconf 83' lang='lat' dir='ltr'>legis</span> <span class='ocrx_word' id='word_1_56' title='bbox 1099 2328 1288 2393; x_wconf 89' lang='lat' dir='ltr'>adstruendo</span> 
     </span>
     <span class='ocr_line' id='line_1_9' title="bbox 126 2429 1290 2516; baseline -0.003 -19"><span class='ocrx_word' id='word_1_57' title='bbox 126 2429 284 2499; x_wconf 76' lang='lat' dir='ltr'>alndacis</span> <span class='ocrx_word' id='word_1_58' title='bbox 301 2431 392 2495; x_wconf 79' lang='lat' dir='ltr'>dirisi</span> <span class='ocrx_word' id='word_1_59' title='bbox 408 2436 497 2513; x_wconf 91' lang='lat' dir='ltr'>sunt,</span> <span class='ocrx_word' id='word_1_60' title='bbox 516 2429 599 2495; x_wconf 93' lang='lat' dir='ltr'>unde</span> <span class='ocrx_word' id='word_1_61' title='bbox 616 2433 711 2495; x_wconf 87' lang='lat' dir='ltr'>etiam</span> <span class='ocrx_word' id='word_1_62' title='bbox 725 2429 784 2496; x_wconf 92' lang='lat' dir='ltr'>hoc</span> <span class='ocrx_word' id='word_1_63' title='bbox 800 2433 940 2516; x_wconf 89' lang='lat' dir='ltr'>accipere</span> <span class='ocrx_word' id='word_1_64' title='bbox 956 2432 1061 2516; x_wconf 90' lang='lat' dir='ltr'>ipsum</span> <span class='ocrx_word' id='word_1_65' title='bbox 1076 2430 1159 2516; x_wconf 91' lang='lat' dir='ltr'>quod</span> <span class='ocrx_word' id='word_1_66' title='bbox 1173 2431 1290 2497; x_wconf 86' lang='lat' dir='ltr'>habent</span> 
     </span>
     <span class='ocr_line' id='line_1_10' title="bbox 125 2532 1288 2619; baseline -0.001 -18"><span class='ocrx_word' id='word_1_67' title='bbox 125 2555 243 2601; x_wconf 90' lang='lat' dir='ltr'>nomen</span> <span class='ocrx_word' id='word_1_68' title='bbox 258 2532 344 2617; x_wconf 82' lang='lat' dir='ltr'>digni</span> <span class='ocrx_word' id='word_1_69' title='bbox 358 2534 495 2615; x_wconf 83' lang='lat' dir='ltr'>fuerunt,</span> <span class='ocrx_word' id='word_1_70' title='bbox 511 2554 581 2597; x_wconf 94' lang='lat' dir='ltr'>cum</span> <span class='ocrx_word' id='word_1_71' title='bbox 596 2532 645 2597; x_wconf 91' lang='lat' dir='ltr'>his</span> <span class='ocrx_word' id='word_1_72' title='bbox 662 2535 757 2598; x_wconf 82' lang='lat' dir='ltr'>etiam</span> <span class='ocrx_word' id='word_1_73' title='bbox 770 2534 976 2617; x_wconf 89' lang='lat' dir='ltr'>Herodianos‚</span> <span class='ocrx_word' id='word_1_74' title='bbox 992 2537 1045 2619; x_wconf 92' lang='lat' dir='ltr'>qui</span> <span class='ocrx_word' id='word_1_75' title='bbox 1057 2534 1215 2600; x_wconf 78' lang='lat' dir='ltr'>Christum</span> <span class='ocrx_word' id='word_1_76' title='bbox 1225 2535 1288 2600; x_wconf 89' lang='lat' dir='ltr'>He·</span> 
     </span>
     <span class='ocr_line' id='line_1_11' title="bbox 125 2636 1287 2722; baseline 0.001 -19"><span class='ocrx_word' id='word_1_77' title='bbox 125 2637 233 2703; x_wconf 88' lang='lat' dir='ltr'>rodem</span> <span class='ocrx_word' id='word_1_78' title='bbox 250 2657 320 2703; x_wconf 89' lang='lat' dir='ltr'>esse</span> <span class='ocrx_word' id='word_1_79' title='bbox 335 2636 494 2701; x_wconf 85' lang='lat' dir='ltr'>dixerunt:</span> <span class='ocrx_word' id='word_1_80' title='bbox 515 2636 556 2701; x_wconf 90' lang='lat' dir='ltr'>ad</span> <span class='ocrx_word' id='word_1_81' title='bbox 576 2657 628 2701; x_wconf 90' lang='lat' dir='ltr'>eos</span> <span class='ocrx_word' id='word_1_82' title='bbox 648 2657 699 2702; x_wconf 90' lang='lat' dir='ltr'>me</span> <span class='ocrx_word' id='word_1_83' title='bbox 715 2642 862 2703; x_wconf 87' lang='lat' dir='ltr'>converto</span> <span class='ocrx_word' id='word_1_84' title='bbox 878 2639 932 2722; x_wconf 92' lang='lat' dir='ltr'>qui</span> <span class='ocrx_word' id='word_1_85' title='bbox 948 2658 986 2702; x_wconf 83' lang='lat' dir='ltr'>er</span> <span class='ocrx_word' id='word_1_86' title='bbox 1002 2637 1162 2721; x_wconf 84' lang='lat' dir='ltr'>evangeho</span> <span class='ocrx_word' id='word_1_87' title='bbox 1178 2637 1287 2704; x_wconf 88' lang='lat' dir='ltr'>haere·</span> 
     </span>
     <span class='ocr_line' id='line_1_12' title="bbox 126 2739 453 2813; baseline -0.006 -6"><span class='ocrx_word' id='word_1_88' title='bbox 126 2743 183 2813; x_wconf 90' lang='lat' dir='ltr'>tici</span> <span class='ocrx_word' id='word_1_89' title='bbox 197 2761 266 2805; x_wconf 90' lang='lat' dir='ltr'>esse</span> <span class='ocrx_word' id='word_1_90' title='bbox 281 2739 453 2805; x_wconf 89' lang='lat' dir='ltr'>voluerunt.</span> 
     </span>
    </p>

    <p class='ocr_par' dir='ltr' id='par_1_3' title="bbox 125 2842 1290 3445">
     <span class='ocr_line' id='line_1_13' title="bbox 189 2842 1288 2932; baseline 0 -21"><span class='ocrx_word' id='word_1_91' title='bbox 189 2842 238 2911; x_wconf 77' lang='lat' dir='ltr'>ux</span> <span class='ocrx_word' id='word_1_92' title='bbox 253 2844 365 2927; x_wconf 90' lang='lat' dir='ltr'>quihus</span> <span class='ocrx_word' id='word_1_93' title='bbox 381 2849 429 2907; x_wconf 89' lang='lat' dir='ltr'>est</span> <span class='ocrx_word' id='word_1_94' title='bbox 443 2844 563 2928; x_wconf 92' lang='lat' dir='ltr'>primus</span> <span class='ocrx_word' id='word_1_95' title='bbox 579 2846 719 2908; x_wconf 91' lang='lat' dir='ltr'>omnium</span> <span class='ocrx_word' id='word_1_96' title='bbox 733 2843 841 2908; x_wconf 85' lang='lat' dir='ltr'>Simon</span> <span class='ocrx_word' id='word_1_97' title='bbox 853 2844 971 2926; x_wconf 83' lang='lat' dir='ltr'>Magus,</span> <span class='ocrx_word' id='word_1_98' title='bbox 988 2845 1041 2926; x_wconf 90' lang='lat' dir='ltr'>qui</span> <span class='ocrx_word' id='word_1_99' title='bbox 1055 2846 1089 2908; x_wconf 92' lang='lat' dir='ltr'>in</span> <span class='ocrx_word' id='word_1_100' title='bbox 1103 2845 1192 2909; x_wconf 84' lang='lat' dir='ltr'>Actis</span> <span class='ocrx_word' id='word_1_101' title='bbox 1204 2844 1288 2932; x_wconf 85' lang='lat' dir='ltr'>Apo·</span> 
     </span>
     <span class='ocr_line' id='line_1_14' title="bbox 126 2944 1289 3031; baseline 0 -18"><span class='ocrx_word' id='word_1_102' title='bbox 126 2946 280 3013; x_wconf 87' lang='lat' dir='ltr'>stolorum</span> <span class='ocrx_word' id='word_1_103' title='bbox 294 2944 480 3029; x_wconf 80' lang='lat' dir='ltr'>cendignam</span> <span class='ocrx_word' id='word_1_104' title='bbox 499 2948 614 3011; x_wconf 88' lang='lat' dir='ltr'>meruit</span> <span class='ocrx_word' id='word_1_105' title='bbox 633 2946 672 3010; x_wconf 92' lang='lat' dir='ltr'>ab</span> <span class='ocrx_word' id='word_1_106' title='bbox 693 2945 833 3031; x_wconf 92' lang='lat' dir='ltr'>apostolo</span> <span class='ocrx_word' id='word_1_107' title='bbox 853 2946 945 3011; x_wconf 87' lang='lat' dir='ltr'>Petro</span> <span class='ocrx_word' id='word_1_108' title='bbox 966 2948 1141 3031; x_wconf 83' lang='lat' dir='ltr'>iustamque</span> <span class='ocrx_word' id='word_1_109' title='bbox 1162 2953 1289 3013; x_wconf 90' lang='lat' dir='ltr'>senten·</span> 
     </span>
     <span class='ocr_line' id='line_1_15' title="bbox 126 3049 1290 3132; baseline -0.001 -15"><span class='ocrx_word' id='word_1_110' title='bbox 126 3050 215 3117; x_wconf 84' lang='lat' dir='ltr'>tium.</span> <span class='ocrx_word' id='word_1_111' title='bbox 250 3049 310 3114; x_wconf 91' lang='lat' dir='ltr'>Hic</span> <span class='ocrx_word' id='word_1_112' title='bbox 323 3070 420 3115; x_wconf 73' lang='lat' dir='ltr'>ausus</span> <span class='ocrx_word' id='word_1_113' title='bbox 436 3054 485 3113; x_wconf 91' lang='lat' dir='ltr'>est</span> <span class='ocrx_word' id='word_1_114' title='bbox 499 3069 654 3113; x_wconf 87' lang='lat' dir='ltr'>summam</span> <span class='ocrx_word' id='word_1_115' title='bbox 669 3070 703 3113; x_wconf 90' lang='lat' dir='ltr'>se</span> <span class='ocrx_word' id='word_1_116' title='bbox 719 3049 822 3113; x_wconf 86' lang='lat' dir='ltr'>dicere</span> <span class='ocrx_word' id='word_1_117' title='bbox 837 3051 1001 3132; x_wconf 87' lang='lat' dir='ltr'>virtutem,</span> <span class='ocrx_word' id='word_1_118' title='bbox 1024 3050 1056 3114; x_wconf 93' lang='lat' dir='ltr'>id</span> <span class='ocrx_word' id='word_1_119' title='bbox 1071 3056 1120 3115; x_wconf 90' lang='lat' dir='ltr'>est</span> <span class='ocrx_word' id='word_1_120' title='bbox 1133 3072 1290 3116; x_wconf 91' lang='lat' dir='ltr'>summum</span> 
     </span>
     <span class='ocr_line' id='line_1_16' title="bbox 127 3151 1290 3235; baseline 0 -16"><span class='ocrx_word' id='word_1_121' title='bbox 127 3152 238 3234; x_wconf 89' lang='lat' dir='ltr'>deum,</span> <span class='ocrx_word' id='word_1_122' title='bbox 256 3152 410 3217; x_wconf 91' lang='lat' dir='ltr'>mundum</span> <span class='ocrx_word' id='word_1_123' title='bbox 424 3157 529 3215; x_wconf 89' lang='lat' dir='ltr'>antem</span> <span class='ocrx_word' id='word_1_124' title='bbox 543 3153 582 3217; x_wconf 88' lang='lat' dir='ltr'>ab</span> <span class='ocrx_word' id='word_1_125' title='bbox 599 3151 716 3235; x_wconf 83' lang='lat' dir='ltr'>angelis</span> <span class='ocrx_word' id='word_1_126' title='bbox 732 3153 798 3216; x_wconf 90' lang='lat' dir='ltr'>suis</span> <span class='ocrx_word' id='word_1_127' title='bbox 812 3153 1008 3234; x_wconf 88' lang='lat' dir='ltr'>institutum,</span> <span class='ocrx_word' id='word_1_128' title='bbox 1027 3151 1085 3217; x_wconf 79' lang='lat' dir='ltr'>³ad</span> <span class='ocrx_word' id='word_1_129' title='bbox 1105 3153 1290 3220; x_wconf 90' lang='lat' dir='ltr'>daemonem</span> 
     </span>
     <span class='ocr_line' id='line_1_17' title="bbox 126 3254 1289 3343; baseline -0.001 -20"><span class='ocrx_word' id='word_1_130' title='bbox 126 3277 161 3323; x_wconf 85' lang='lat' dir='ltr'>se</span> <span class='ocrx_word' id='word_1_131' title='bbox 176 3263 351 3338; x_wconf 86' lang='lat' dir='ltr'>errantem,</span> <span class='ocrx_word' id='word_1_132' title='bbox 373 3258 426 3339; x_wconf 93' lang='lat' dir='ltr'>qni</span> <span class='ocrx_word' id='word_1_133' title='bbox 445 3261 528 3319; x_wconf 89' lang='lat' dir='ltr'>esset</span> <span class='ocrx_word' id='word_1_134' title='bbox 543 3257 713 3341; x_wconf 88' lang='lat' dir='ltr'>sapientia,</span> <span class='ocrx_word' id='word_1_135' title='bbox 736 3254 938 3320; x_wconf 89' lang='lat' dir='ltr'>descendisse</span> <span class='ocrx_word' id='word_1_136' title='bbox 959 3256 1185 3340; x_wconf 90' lang='lat' dir='ltr'>quaerendum,</span> <span class='ocrx_word' id='word_1_137' title='bbox 1207 3257 1289 3343; x_wconf 87' lang='lat' dir='ltr'>apud</span> 
     </span>
     <span class='ocr_line' id='line_1_18' title="bbox 125 3357 1289 3445; baseline -0.003 -18"><span class='ocrx_word' id='word_1_138' title='bbox 125 3359 259 3427; x_wconf 88' lang='lat' dir='ltr'>Iudaeos</span> <span class='ocrx_word' id='word_1_139' title='bbox 274 3380 308 3424; x_wconf 88' lang='lat' dir='ltr'>se</span> <span class='ocrx_word' id='word_1_140' title='bbox 323 3361 357 3423; x_wconf 93' lang='lat' dir='ltr'>in</span> <span class='ocrx_word' id='word_1_141' title='bbox 371 3357 591 3443; x_wconf 86' lang='lat' dir='ltr'>phantasmate</span> <span class='ocrx_word' id='word_1_142' title='bbox 607 3358 658 3422; x_wconf 90' lang='lat' dir='ltr'>dei</span> <span class='ocrx_word' id='word_1_143' title='bbox 672 3378 736 3423; x_wconf 91' lang='lat' dir='ltr'>non</span> <span class='ocrx_word' id='word_1_144' title='bbox 750 3379 889 3444; x_wconf 88' lang='lat' dir='ltr'>passum,</span> <span class='ocrx_word' id='word_1_145' title='bbox 905 3358 960 3423; x_wconf 89' lang='lat' dir='ltr'>sed</span> <span class='ocrx_word' id='word_1_146' title='bbox 972 3380 1041 3424; x_wconf 90' lang='lat' dir='ltr'>esse</span> <span class='ocrx_word' id='word_1_147' title='bbox 1053 3362 1141 3445; x_wconf 91' lang='lat' dir='ltr'>quasi</span> <span class='ocrx_word' id='word_1_148' title='bbox 1152 3381 1289 3445; x_wconf 92' lang='lat' dir='ltr'>passum.</span> 
     </span>
    </p>

    <p class='ocr_par' dir='ltr' id='par_1_4' title="bbox 127 3460 1400 3650">
     <span class='ocr_line' id='line_1_19' title="bbox 189 3460 1400 3547; baseline 0.002 -18"><span class='ocrx_word' id='word_1_149' title='bbox 189 3464 267 3529; x_wconf 91' lang='lat' dir='ltr'>Post</span> <span class='ocrx_word' id='word_1_150' title='bbox 280 3462 364 3527; x_wconf 92' lang='lat' dir='ltr'>hune</span> <span class='ocrx_word' id='word_1_151' title='bbox 378 3460 549 3527; x_wconf 86' lang='lat' dir='ltr'>Menander</span> <span class='ocrx_word' id='word_1_152' title='bbox 566 3461 737 3547; x_wconf 90' lang='lat' dir='ltr'>discipulus</span> <span class='ocrx_word' id='word_1_153' title='bbox 752 3464 867 3546; x_wconf 90' lang='lat' dir='ltr'>ipsius,</span> <span class='ocrx_word' id='word_1_154' title='bbox 883 3462 1028 3526; x_wconf 89' lang='lat' dir='ltr'>similiter</span> <span class='ocrx_word' id='word_1_155' title='bbox 1042 3483 1167 3546; x_wconf 82' lang='lat' dir='ltr'>magns,</span> <span class='ocrx_word' id='word_1_156' title='bbox 1183 3463 1291 3528; x_wconf 88' lang='lat' dir='ltr'>eadem</span> <span class='ocrx_word' id='word_1_157' title='bbox 1308 3480 1400 3531; x_wconf 68' lang='lat' dir='ltr'>cin-11·</span> 
     </span>
     <span class='ocr_line' id='line_1_20' title="bbox 127 3564 1289 3650; baseline -0.003 -17"><span class='ocrx_word' id='word_1_158' title='bbox 127 3564 237 3635; x_wconf 85' lang='lat' dir='ltr'>dicens</span> <span class='ocrx_word' id='word_1_159' title='bbox 253 3587 332 3650; x_wconf 84' lang='lat' dir='ltr'>quac</span> <span class='ocrx_word' id='word_1_160' title='bbox 347 3565 454 3631; x_wconf 87' lang='lat' dir='ltr'>Simon</span> <span class='ocrx_word' id='word_1_161' title='bbox 471 3566 586 3650; x_wconf 90' lang='lat' dir='ltr'>¹aeque</span> <span class='ocrx_word' id='word_1_162' title='bbox 602 3565 751 3650; x_wconf 88' lang='lat' dir='ltr'>quicquid</span> <span class='ocrx_word' id='word_1_163' title='bbox 766 3586 800 3630; x_wconf 92' lang='lat' dir='ltr'>se</span> <span class='ocrx_word' id='word_1_164' title='bbox 817 3565 923 3631; x_wconf 89' lang='lat' dir='ltr'>Simon</span> <span class='ocrx_word' id='word_1_165' title='bbox 937 3565 1074 3649; x_wconf 87' lang='lat' dir='ltr'>dixerat,</span> <span class='ocrx_word' id='word_1_166' title='bbox 1096 3565 1155 3631; x_wconf 92' lang='lat' dir='ltr'>hoc</span> <span class='ocrx_word' id='word_1_167' title='bbox 1175 3586 1208 3630; x_wconf 94' lang='lat' dir='ltr'>se</span> <span class='ocrx_word' id='word_1_168' title='bbox 1223 3565 1289 3631; x_wconf 89' lang='lat' dir='ltr'>Me·</span> 
     </span>
    </p>
   </div>
   <div class='ocr_carea' id='block_1_3' title="bbox 120 3750 1291 4108">
    <p class='ocr_par' dir='ltr' id='par_1_5' title="bbox 120 3750 1291 4108">
     <span class='ocr_line' id='line_1_21' title="bbox 195 3750 1290 3823; baseline -0.002 -17"><span class='ocrx_word' id='word_1_169' title='bbox 195 3751 290 3823; x_wconf 83' lang='lat' dir='ltr'>Gap.1.</span> <span class='ocrx_word' id='word_1_170' title='bbox 304 3782 336 3790; x_wconf 97' lang='grc'><strong>-</strong></span> <span class='ocrx_word' id='word_1_171' title='bbox 362 3753 384 3806; x_wconf 89' lang='lat' dir='ltr'>l.</span> <span class='ocrx_word' id='word_1_172' title='bbox 405 3753 471 3804; x_wconf 74' lang='lat' dir='ltr'>Ante</span> <span class='ocrx_word' id='word_1_173' title='bbox 487 3751 602 3816; x_wconf 84' lang='lat' dir='ltr'>Quorum</span> <span class='ocrx_word' id='word_1_174' title='bbox 618 3750 805 3806; x_wconf 79' lang='lat' dir='ltr'>haereticorum</span> <span class='ocrx_word' id='word_1_175' title='bbox 822 3754 918 3822; x_wconf 82' lang='lat' dir='ltr'>aliquot</span> <span class='ocrx_word' id='word_1_176' title='bbox 933 3753 1010 3804; x_wconf 78' lang='lat' dir='ltr'>uerbo</span> <span class='ocrx_word' id='word_1_177' title='bbox 1028 3754 1151 3805; x_wconf 74' lang='lat' dir='ltr'>excidisse</span> <span class='ocrx_word' id='word_1_178' title='bbox 1167 3755 1290 3821; x_wconf 79' lang='lat' dir='ltr'>auspicor.</span> 
     </span>
     <span class='ocr_line' id='line_1_22' title="bbox 124 3818 1291 3890; baseline -0.005 -14"><span class='ocrx_word' id='word_1_179' title='bbox 124 3820 196 3876; x_wconf 84' lang='lat' dir='ltr'>Nam</span> <span class='ocrx_word' id='word_1_180' title='bbox 220 3823 355 3874; x_wconf 80' lang='lat' dir='ltr'>relativum</span> <span class='ocrx_word' id='word_1_181' title='bbox 380 3821 521 3873; x_wconf 77' lang='lat' dir='ltr'>nonhabet</span> <span class='ocrx_word' id='word_1_182' title='bbox 577 3842 590 3874; x_wconf 94' lang='lat' dir='ltr'>o</span> <span class='ocrx_word' id='word_1_183' title='bbox 614 3826 754 3890; x_wconf 76' lang='lat' dir='ltr'>reseratur.</span> <span class='ocrx_word' id='word_1_184' title='bbox 818 3821 842 3876; x_wconf 73' lang='lat'>2.</span> <span class='ocrx_word' id='word_1_185' title='bbox 864 3822 1010 3887; x_wconf 60' lang='lat' dir='ltr'>Hieronem.</span> <span class='ocrx_word' id='word_1_186' title='bbox 1030 3823 1088 3874; x_wconf 81' lang='lat' dir='ltr'>nde.</span> <span class='ocrx_word' id='word_1_187' title='bbox 1109 3818 1291 3888; x_wconf 80' lang='lat' dir='ltr'>Luciferiouoa</span> 
     </span>
     <span class='ocr_line' id='line_1_23' title="bbox 120 3889 1290 3972; baseline -0.002 -30"><span class='ocrx_word' id='word_1_188' title='bbox 120 3909 187 3964; x_wconf 72' lang='lat' dir='ltr'>paq.</span> <span class='ocrx_word' id='word_1_189' title='bbox 198 3889 262 3971; x_wconf 60' lang='lat'>304.</span> <span class='ocrx_word' id='word_1_190' title='bbox 275 3899 330 3971; x_wconf 73' lang='lat' dir='ltr'>tom.</span> <span class='ocrx_word' id='word_1_191' title='bbox 343 3891 361 3941; x_wconf 93' lang='lat' dir='ltr'><em>I</em></span> <span class='ocrx_word' id='word_1_192' title='bbox 366 3890 394 3944; x_wconf 90' lang='lat' dir='ltr'>V.</span> <span class='ocrx_word' id='word_1_193' title='bbox 410 3890 448 3960; x_wconf 75' lang='lat' dir='ltr'>op</span> <span class='ocrx_word' id='word_1_194' title='bbox 458 3933 473 3970; x_wconf 40' lang='grc' dir='ltr'>Ι,</span> <span class='ocrx_word' id='word_1_195' title='bbox 486 3893 524 3944; x_wconf 84' lang='lat' dir='ltr'>ed.</span> <span class='ocrx_word' id='word_1_196' title='bbox 550 3894 629 3972; x_wconf 42' lang='grc' dir='ltr'>ῥιψὶ.</span> <span class='ocrx_word' id='word_1_197' title='bbox 643 3891 742 3956; x_wconf 82' lang='lat' dir='ltr'>„Taceo</span> <span class='ocrx_word' id='word_1_198' title='bbox 755 3890 786 3943; x_wconf 90' lang='lat' dir='ltr'>de</span> <span class='ocrx_word' id='word_1_199' title='bbox 796 3890 922 3971; x_wconf 74' lang='lat' dir='ltr'>Iudaismi</span> <span class='ocrx_word' id='word_1_200' title='bbox 930 3889 1065 3969; x_wconf 77' lang='lat' dir='ltr'>haereticis</span> <span class='ocrx_word' id='word_1_201' title='bbox 1074 3889 1188 3958; x_wconf 86' lang='lat' dir='ltr'>quiante</span> <span class='ocrx_word' id='word_1_202' title='bbox 1197 3889 1290 3968; x_wconf 70' lang='lat' dir='ltr'>adven·</span> 
     </span>
     <span class='ocr_line' id='line_1_24' title="bbox 124 3956 1290 4108; baseline -0.005 -28"><span class='ocrx_word' id='word_1_203' title='bbox 124 3956 1290 4108; x_wconf 59' lang='lat' dir='ltr'>{ttihsstttttttttttttttttttttt¹333t¹t⁹ttit¹¹tt¹tdttttitt?</span> 
     </span>
    </p>
   </div>
   <div class='ocr_carea' id='block_1_4' title="bbox 125 4094 1289 4216">
    <p class='ocr_par' dir='ltr' id='par_1_6' title="bbox 125 4094 1289 4216">
     <span class='ocr_line' id='line_1_25' title="bbox 125 4094 1289 4216; baseline -0.003 -66"><span class='ocrx_word' id='word_1_204' title='bbox 125 4114 188 4150; x_wconf 87' lang='lat' dir='ltr'>nem</span> <span class='ocrx_word' id='word_1_205' title='bbox 199 4111 284 4149; x_wconf 86' lang='lat' dir='ltr'>earms</span> <span class='ocrx_word' id='word_1_206' title='bbox 296 4113 329 4148; x_wconf 89' lang='lat' dir='ltr'>ne</span> <span class='ocrx_word' id='word_1_207' title='bbox 349 4103 465 4160; x_wconf 82' lang='lat' dir='ltr'>averunt,</span> <span class='ocrx_word' id='word_1_208' title='bbox 478 4096 546 4165; x_wconf 92' lang='lat' dir='ltr'>quod</span> <span class='ocrx_word' id='word_1_209' title='bbox 562 4095 693 4149; x_wconf 89' lang='lat' dir='ltr'>Pharisaei</span> <span class='ocrx_word' id='word_1_210' title='bbox 710 4112 726 4149; x_wconf 90' lang='lat' dir='ltr'>a</span> <span class='ocrx_word' id='word_1_211' title='bbox 737 4097 839 4149; x_wconf 86' lang='lat' dir='ltr'>ludaeis</span> <span class='ocrx_word' id='word_1_212' title='bbox 852 4096 927 4148; x_wconf 87' lang='lat' dir='ltr'>dirisi</span> <span class='ocrx_word' id='word_1_213' title='bbox 943 4101 1047 4165; x_wconf 87' lang='lat' dir='ltr'>propter</span> <span class='ocrx_word' id='word_1_214' title='bbox 1058 4094 1185 4216; x_wconf 62' lang='grc' dir='ltr'>Ἡιαεᾶωη</span> <span class='ocrx_word' id='word_1_215' title='bbox 1204 4096 1289 4148; x_wconf 89' lang='lat' dir='ltr'>obser-</span> 
     </span>
    </p>
   </div>
   <div class='ocr_carea' id='block_1_5' title="bbox 125 4163 1291 4718">
    <p class='ocr_par' dir='ltr' id='par_1_7' title="bbox 125 4163 1291 4718">
     <span class='ocr_line' id='line_1_26' title="bbox 125 4163 1289 4235; baseline -0.001 -17"><span class='ocrx_word' id='word_1_216' title='bbox 125 4166 244 4218; x_wconf 73' lang='lat' dir='ltr'>uationes</span> <span class='ocrx_word' id='word_1_217' title='bbox 257 4181 320 4235; x_wconf 86' lang='lat' dir='ltr'>supe</span> <span class='ocrx_word' id='word_1_218' title='bbox 354 4182 400 4217; x_wconf 87' lang='lat' dir='ltr'>uas</span> <span class='ocrx_word' id='word_1_219' title='bbox 413 4182 507 4217; x_wconf 86' lang='lat' dir='ltr'>nomen</span> <span class='ocrx_word' id='word_1_220' title='bbox 544 4165 963 4234; x_wconf 85' lang='lat' dir='ltr'>noqueadissidiosusceperunt,</span> <span class='ocrx_word' id='word_1_221' title='bbox 981 4164 1050 4233; x_wconf 85' lang='lat' dir='ltr'>qnod</span> <span class='ocrx_word' id='word_1_222' title='bbox 1086 4163 1289 4217; x_wconf 87' lang='lat' dir='ltr'>erodianiHero·</span> 
     </span>
     <span class='ocr_line' id='line_1_27' title="bbox 125 4182 1290 4303; baseline -0.002 -17"><span class='ocrx_word' id='word_1_223' title='bbox 125 4233 187 4287; x_wconf 82' lang='lat' dir='ltr'>dem</span> <span class='ocrx_word' id='word_1_224' title='bbox 197 4249 288 4303; x_wconf 81' lang='lat' dir='ltr'>regem</span> <span class='ocrx_word' id='word_1_225' title='bbox 304 4250 441 4303; x_wconf 85' lang='lat' dir='ltr'>suscepere</span> <span class='ocrx_word' id='word_1_226' title='bbox 458 4251 503 4302; x_wconf 92' lang='lat' dir='ltr'>pro</span> <span class='ocrx_word' id='word_1_227' title='bbox 522 4182 634 4285; x_wconf 62' lang='lat' dir='ltr'>dhrisro:</span> <span class='ocrx_word' id='word_1_228' title='bbox 652 4234 685 4285; x_wconf 89' lang='lat' dir='ltr'>ad</span> <span class='ocrx_word' id='word_1_229' title='bbox 701 4251 746 4286; x_wconf 89' lang='lat' dir='ltr'>eos</span> <span class='ocrx_word' id='word_1_230' title='bbox 758 4234 835 4286; x_wconf 80' lang='lat' dir='ltr'>venio</span> <span class='ocrx_word' id='word_1_231' title='bbox 851 4230 993 4284; x_wconf 89' lang='lat' dir='ltr'>haereticos</span> <span class='ocrx_word' id='word_1_232' title='bbox 1023 4233 1051 4284; x_wconf 89' lang='lat' dir='ltr'>ui</span> <span class='ocrx_word' id='word_1_233' title='bbox 1062 4233 1197 4302; x_wconf 81' lang='lat' dir='ltr'>evangelia</span> <span class='ocrx_word' id='word_1_234' title='bbox 1208 4233 1290 4285; x_wconf 87' lang='lat' dir='ltr'>lania·</span> 
     </span>
     <span class='ocr_line' id='line_1_28' title="bbox 125 4249 1290 4370; baseline -0.002 -14"><span class='ocrx_word' id='word_1_235' title='bbox 125 4308 288 4356; x_wconf 66' lang='lat' dir='ltr'>remuteett.</span> <span class='ocrx_word' id='word_1_236' title='bbox 339 4303 425 4354; x_wconf 77' lang='lat' dir='ltr'>3.1ta</span> <span class='ocrx_word' id='word_1_237' title='bbox 443 4306 552 4354; x_wconf 76' lang='lat' dir='ltr'>correcti.</span> <span class='ocrx_word' id='word_1_238' title='bbox 582 4302 652 4352; x_wconf 83' lang='lat' dir='ltr'>Nam</span> <span class='ocrx_word' id='word_1_239' title='bbox 668 4304 711 4354; x_wconf 73' lang='lat' dir='ltr'>ini</span> <span class='ocrx_word' id='word_1_240' title='bbox 728 4322 741 4353; x_wconf 92' lang='lat' dir='ltr'>o</span> <span class='ocrx_word' id='word_1_241' title='bbox 757 4306 879 4370; x_wconf 67' lang='lat' dir='ltr'>seriptum</span> <span class='ocrx_word' id='word_1_242' title='bbox 895 4310 953 4352; x_wconf 82' lang='lat' dir='ltr'>erat</span> <span class='ocrx_word' id='word_1_243' title='bbox 968 4316 984 4352; x_wconf 77' lang='lat' dir='ltr'>a</span> <span class='ocrx_word' id='word_1_244' title='bbox 1001 4249 1127 4353; x_wconf 50' lang='lat' dir='ltr'>daemone</span> <span class='ocrx_word' id='word_1_245' title='bbox 1143 4318 1172 4354; x_wconf 82' lang='lat' dir='ltr'>se</span> <span class='ocrx_word' id='word_1_246' title='bbox 1189 4309 1290 4354; x_wconf 81' lang='lat' dir='ltr'>errante</span> 
     </span>
     <span class='ocr_line' id='line_1_29' title="bbox 127 4369 1289 4442; baseline -0.002 -18"><span class='ocrx_word' id='word_1_247' title='bbox 127 4373 181 4442; x_wconf 68' lang='lat' dir='ltr'>ieci</span> <span class='ocrx_word' id='word_1_248' title='bbox 190 4371 337 4440; x_wconf 84' lang='lat' dir='ltr'>oberrante)</span> <span class='ocrx_word' id='word_1_249' title='bbox 356 4372 486 4440; x_wconf 84' lang='lat' dir='ltr'>quiesset</span> <span class='ocrx_word' id='word_1_250' title='bbox 504 4379 559 4421; x_wconf 80' lang='lat' dir='ltr'>eeti.</span> <span class='ocrx_word' id='word_1_251' title='bbox 577 4369 665 4424; x_wconf 71' lang='lat' dir='ltr'>Desii.</span> <span class='ocrx_word' id='word_1_252' title='bbox 711 4373 814 4422; x_wconf 82' lang='lat' dir='ltr'>eraldus</span> <span class='ocrx_word' id='word_1_253' title='bbox 826 4371 863 4421; x_wconf 85' lang='lat' dir='ltr'>cd</span> <span class='ocrx_word' id='word_1_254' title='bbox 879 4369 975 4421; x_wconf 78' lang='lat' dir='ltr'>Arnod.</span> <span class='ocrx_word' id='word_1_255' title='bbox 993 4371 1061 4423; x_wconf 84' lang='lat' dir='ltr'>Ade.</span> <span class='ocrx_word' id='word_1_256' title='bbox 1079 4370 1153 4423; x_wconf 76' lang='lat' dir='ltr'>Nati.</span> <span class='ocrx_word' id='word_1_257' title='bbox 1166 4390 1230 4441; x_wconf 77' lang='lat' dir='ltr'>paq.</span> <span class='ocrx_word' id='word_1_258' title='bbox 1244 4371 1289 4424; x_wconf 87' lang='lat'>90.</span> 
     </span>
     <span class='ocr_line' id='line_1_30' title="bbox 125 4439 1291 4510; baseline -0.003 -17"><span class='ocrx_word' id='word_1_259' title='bbox 125 4441 228 4493; x_wconf 81' lang='lat' dir='ltr'>colebat</span> <span class='ocrx_word' id='word_1_260' title='bbox 238 4440 269 4492; x_wconf 85' lang='lat' dir='ltr'>ad</span> <span class='ocrx_word' id='word_1_261' title='bbox 281 4439 410 4492; x_wconf 80' lang='lat' dir='ltr'>Ennoiam</span> <span class='ocrx_word' id='word_1_262' title='bbox 422 4455 450 4490; x_wconf 89' lang='lat' dir='ltr'>se</span> <span class='ocrx_word' id='word_1_263' title='bbox 463 4455 537 4491; x_wconf 77' lang='lat' dir='ltr'>orem</span> <span class='ocrx_word' id='word_1_264' title='bbox 549 4445 686 4503; x_wconf 83' lang='lat' dir='ltr'>errantem,</span> <span class='ocrx_word' id='word_1_265' title='bbox 699 4455 765 4508; x_wconf 89' lang='lat' dir='ltr'>quae</span> <span class='ocrx_word' id='word_1_266' title='bbox 777 4442 847 4490; x_wconf 88' lang='lat' dir='ltr'>esset</span> <span class='ocrx_word' id='word_1_267' title='bbox 856 4447 920 4500; x_wconf 76' lang='lat' dir='ltr'>cett,</span> <span class='ocrx_word' id='word_1_268' title='bbox 932 4457 996 4506; x_wconf 79' lang='lat' dir='ltr'>qrrce</span> <span class='ocrx_word' id='word_1_269' title='bbox 1008 4441 1148 4491; x_wconf 79' lang='lat' dir='ltr'>emendatio</span> <span class='ocrx_word' id='word_1_270' title='bbox 1160 4442 1291 4510; x_wconf 79' lang='lat' dir='ltr'>displicuit</span> 
     </span>
     <span class='ocr_line' id='line_1_31' title="bbox 127 4508 1288 4579; baseline -0.003 -16"><span class='ocrx_word' id='word_1_271' title='bbox 127 4509 198 4563; x_wconf 65' lang='grc' dir='ltr'>[Β.</span> <span class='ocrx_word' id='word_1_272' title='bbox 212 4510 342 4572; x_wconf 80' lang='lat' dir='ltr'>Gotelerio,</span> <span class='ocrx_word' id='word_1_273' title='bbox 359 4512 402 4576; x_wconf 74' lang='lat' dir='ltr'>isui</span> <span class='ocrx_word' id='word_1_274' title='bbox 417 4512 472 4577; x_wconf 80' lang='lat' dir='ltr'>ipse</span> <span class='ocrx_word' id='word_1_275' title='bbox 486 4508 627 4570; x_wconf 77' lang='lat' dir='ltr'>oorrnullas,</span> <span class='ocrx_word' id='word_1_276' title='bbox 644 4512 688 4559; x_wconf 73' lang='lat' dir='ltr'>eie</span> <span class='ocrx_word' id='word_1_277' title='bbox 706 4519 787 4560; x_wconf 80' lang='lat' dir='ltr'>tornea</span> <span class='ocrx_word' id='word_1_278' title='bbox 801 4508 997 4576; x_wconf 79' lang='lat' dir='ltr'>probabiliores,</span> <span class='ocrx_word' id='word_1_279' title='bbox 1011 4513 1145 4579; x_wconf 82' lang='lat' dir='ltr'>proposuit</span> <span class='ocrx_word' id='word_1_280' title='bbox 1155 4508 1228 4561; x_wconf 83' lang='lat' dir='ltr'>Eecl.</span> <span class='ocrx_word' id='word_1_281' title='bbox 1243 4509 1288 4561; x_wconf 77' lang='lat' dir='ltr'>Gr.</span> 
     </span>
     <span class='ocr_line' id='line_1_32' title="bbox 126 4574 922 4647; baseline -0.001 -17"><span class='ocrx_word' id='word_1_282' title='bbox 126 4576 237 4633; x_wconf 79' lang='lat' dir='ltr'>Menum.</span> <span class='ocrx_word' id='word_1_283' title='bbox 256 4578 279 4632; x_wconf 84' lang='lat'>1.</span> <span class='ocrx_word' id='word_1_284' title='bbox 299 4597 352 4647; x_wconf 77' lang='lat' dir='ltr'>inq.</span> <span class='ocrx_word' id='word_1_285' title='bbox 368 4575 429 4630; x_wconf 81' lang='lat'><strong><em>763.</em></strong></span> <span class='ocrx_word' id='word_1_286' title='bbox 458 4576 497 4630; x_wconf 78' lang='lat' dir='ltr'>G.</span> <span class='ocrx_word' id='word_1_287' title='bbox 511 4576 819 4631; x_wconf 55' lang='lat' dir='ltr'>[ianuamianuaim.</span> <span class='ocrx_word' id='word_1_288' title='bbox 832 4574 922 4640; x_wconf 82' lang='lat' dir='ltr'>1.,2e.</span> 
     </span>
     <span class='ocr_line' id='line_1_33' title="bbox 195 4597 1074 4718; baseline -0.002 -18"><span class='ocrx_word' id='word_1_289' title='bbox 195 4597 303 4718; x_wconf 64' lang='lat' dir='ltr'>(tanti.</span> <span class='ocrx_word' id='word_1_290' title='bbox 317 4676 350 4688; x_wconf 96' lang='lat'><em>-</em></span> <span class='ocrx_word' id='word_1_291' title='bbox 370 4645 391 4698; x_wconf 87' lang='lat'>1.</span> <span class='ocrx_word' id='word_1_292' title='bbox 404 4644 449 4698; x_wconf 83' lang='lat' dir='ltr'>Ito</span> <span class='ocrx_word' id='word_1_293' title='bbox 460 4647 539 4700; x_wconf 78' lang='lat' dir='ltr'>codes</span> <span class='ocrx_word' id='word_1_294' title='bbox 549 4662 593 4697; x_wconf 79' lang='lat' dir='ltr'>ms.</span> <span class='ocrx_word' id='word_1_295' title='bbox 607 4643 747 4698; x_wconf 54' lang='lat' dir='ltr'>lactem</span> <span class='ocrx_word' id='word_1_296' title='bbox 783 4643 863 4713; x_wconf 77' lang='lat' dir='ltr'>Vulqo</span> <span class='ocrx_word' id='word_1_297' title='bbox 874 4645 931 4716; x_wconf 89' lang='lat' dir='ltr'>ipse</span> <span class='ocrx_word' id='word_1_298' title='bbox 942 4645 1074 4716; x_wconf 86' lang='lat' dir='ltr'>quicquid.</span> 
     </span>
    </p>
   </div>
   <div class='ocr_carea' id='block_1_6' title="bbox 0 0 1531 5124">
    <p class='ocr_par' dir='ltr' id='par_1_8' title="bbox 0 0 1531 5124">
     <span class='ocr_line' id='line_1_34' title="bbox 0 0 1531 5124; baseline 0 0"><span class='ocrx_word' id='word_1_299' title='bbox 0 0 1531 5124; x_wconf 95' lang='lat' dir='ltr'> </span> 
     </span>
    </p>
   </div>
  </div>
 </body>
</html>
