3046 5124
256 412 316 477 102
744 408 894 450 Pmnasnnt

256 567 417 633 dominnm
437 569 665 650 cogitaverunt,
685 565 846 631 subtracta
866 570 914 630 est
934 566 998 631 illie
1017 567 1151 631 scientia
1170 569 1232 632 ista
1253 567 1422 652 caelestis‘,

254 672 286 736 id
302 676 351 734 est
364 671 540 753 linguarum
555 671 695 734 omnium
708 669 875 755 prudentia
889 675 922 733 et
936 671 1099 756 sapientia
1122 669 1162 734 Et
1172 669 1278 735 Heber
1293 672 1423 756 quidem

255 779 382 837 sanctus
402 773 493 856 ⁴quia
514 794 577 837 uon
598 773 744 836 discessit
762 795 782 836 a
796 772 853 837 deo
870 772 1042 837 secundum
1057 793 1174 837 nomen
1187 775 1322 859 ipsiusss,
1343 775 1422 840 deus

255 876 352 941 voluit
366 896 462 958 genus
483 879 549 940 eius
570 875 724 961 pullulare
745 875 897 960 amplius,
917 874 976 940 hoc
996 895 1119 960 quoque
1140 878 1268 940 nomine
1283 880 1421 962 primum

254 983 287 1043 in
302 980 406 1044 seculo
422 971 606 1063 nuncupari,
621 985 656 1042 ut
670 978 709 1041 ab
724 978 839 1060 Heber,
855 980 908 1062 qui
919 999 983 1042 non
995 985 1198 1043 consenserat
1208 979 1421 1046 aedificationi

254 1085 347 1146 turris
363 1081 599 1163 rebellantium,
619 1081 774 1144 Hebraeih
790 1083 916 1145 nomino
932 1080 1173 1166 appellarentur.
1210 1082 1299 1146 Prior
1314 1084 1421 1168 itaque

253 1207 317 1249 non
333 1185 434 1249 solum
448 1187 591 1269 paganis,
604 1204 713 1247 verum
729 1185 824 1247 etiam
839 1190 872 1246 et
885 1183 1020 1266 Iudaeis,
1034 1182 1067 1247 id
1083 1189 1219 1249 estante
1235 1187 1417 1271 septingen-

254 1294 302 1353 tos
318 1286 430 1351 annosi
449 1286 555 1351 Hebcr
575 1287 671 1350 fuisse
693 1289 890 1370 cognoscitur
909 1288 1116 1368 iustissimus,
1137 1290 1191 1372 qui
1209 1289 1243 1352 in
1259 1287 1420 1354 dominum

255 1391 385 1455 credens
401 1395 433 1453 et
447 1411 466 1452 a
481 1391 692 1454 coniuratione
710 1390 931 1453 sceleratorum
945 1389 1109 1454 hominum
1120 1396 1283 1475 separatus
1299 1392 1348 1456 sui
1362 1413 1419 1456 no·

254 1494 347 1557 minis
369 1494 504 1576 primam
525 1492 606 1556 hauc
628 1514 647 1555 a
670 1492 794 1556 domiuo
817 1495 1083 1577 nuncupationem
1104 1494 1219 1556 meruit
1238 1495 1418 1578 impetrare.

253 1594 344 1660 Unde
360 1601 392 1656 ct
405 1598 514 1680 po'e‘tao
529 1597 602 1658 vani
617 1594 868 1658 aedificationem
881 1594 969 1658 illam
989 1595 1029 1658 ad
1044 1615 1101 1659 sua
1115 1594 1300 1659 mendacia¹¹
1315 1601 1419 1661 traus-

254 1698 388 1761 iercntes
409 1700 549 1780 gigantes
570 1696 743 1761 docuerunt
766 1696 924 1760 ⁵Aloidas¹
944 1696 1015 1761 illos
1039 1696 1229 1762 rebellantes
1249 1700 1419 1764 ascendere

255 1799 390 1863 voluisse
401 1802 435 1863 in
448 1800 568 1864 caelum
578 1821 635 1885 per
646 1801 878 1883 impositionem
889 1802 1054 1881 montium,
1066 1804 1159 1884 atque
1169 1800 1244 1865 inde
1256 1820 1310 1866 eos
1322 1803 1419 1868 luisse

254 1903 426 1968 damnatos
465 1904 602 1980 Quorum
622 1901 829 1967 deliramenta
849 1921 912 1966 non
927 1902 1087 1966 latuerunt
1101 1903 1235 1990 amplius
1251 1907 1419 1973 scientiam

254 2027 289 2071 ao
305 2009 451 2092 peritiam
467 2005 686 2070 Christianam.

118 2117 168 2165 ο·ο·
182 2117 235 2158 CVI·
317 2110 387 2173 Alia
402 2115 449 2173 est
463 2109 600 2172 haeresis
615 2109 653 2172 de
669 2129 750 2172 anno
766 2108 973 2192 annuntiato?¹
988 2109 1168 2192 ambigens,
1191 2111 1273 2194 quod
1288 2113 1334 2175 ait
1347 2134 1418 2198 pro·

251 2213 348 2299 pheta
360 2212 503 2277 Esaiasb:
519 2211 723 2276 denuntio-re
738 2234 857 2276 acaum
872 2212 924 2276 dei
937 2210 1168 2297 acceptabilem,
1185 2224 1214 2277 et
1229 2214 1311 2279 diem
1324 2219 1418 2282 retri-

254 2314 412 2381 butionis(
432 2317 550 2380 Putant
568 2335 639 2398 ergo
660 2314 788 2400 quidam
808 2313 891 2398 quod
912 2335 951 2378 ex
971 2334 1031 2398 quo
1051 2317 1139 2379 venit
1158 2316 1304 2382 dominus
1319 2338 1418 2405 usque

317 2503 342 2557 4.
356 2502 418 2572 quia
429 2520 482 2570 eqo.
495 2502 541 2571 qui
553 2503 614 2553 libri
624 2519 714 2555 emices.
755 2501 780 2555 5.
791 2500 914 2555 Haloidas
927 2501 1046 2566 (AlBob.

318 2570 379 2640 Gap.
393 2569 457 2625 CVI.
474 2574 501 2623 ia
514 2571 561 2623 abc
576 2575 723 2640 irracriprtam
736 2579 773 2622 eat
790 2569 923 2624 Hennaeus
939 2586 975 2623 nr
987 2586 1064 2623 aonio
1078 2585 1185 2625 onarsrr
1198 2589 1231 2625 rr
1244 2589 1369 2629 raucone
1380 2592 1416 2629 rr·

254 2653 359 2694 ornans.
372 2669 406 2678 -

249 2829 311 2898 quia
327 2845 417 2881 omnes
436 2845 464 2882 se
483 2827 595 2880 invicem
618 2828 807 2898 intelligebant,
859 2825 942 2893 dacia]
969 2826 1059 2897 Longe
1081 2827 1131 2882 hoo
1155 2829 1315 2897 credibilius,
1340 2848 1418 2904 quam

248 2897 430 2967 habebantque
448 2903 477 2950 ut
493 2914 556 2949 mox
573 2897 708 2965 subiungit
722 2896 807 2950 Phila·
858 2894 928 2964 quod
940 2892 1030 2948 Celsus
1043 2897 1112 2967 apud
1124 2896 1316 2968 Origenele.
1326 2918 1352 2971 p.
1364 2901 1417 2955 174.

248 2967 336 3030 strias,
344 2969 600 3033 liuquoramcmuium
607 2966 806 3030 eca'entiam.(F.)
858 2963 894 3015 ait
904 2964 1014 3032 Moysen
1033 2982 1066 3017 ex
1083 2966 1234 3019 Aloidarum
1249 2967 1340 3022 sabula
1356 2968 1417 3023 han-

283 3052 304 3087 e.
323 3040 349 3086 et
364 3051 417 3086 uua
433 3035 523 3103 lingua
560 3033 590 3086 In
611 3032 680 3085 huuc
700 3051 807 3087 sensum
858 3032 931 3095 sisse,
944 3049 1011 3102 quae
1023 3033 1054 3086 de
1066 3033 1190 3088 Babelica
1202 3036 1266 3088 turri
1278 3042 1305 3088 et
1315 3038 1417 3108 lingua-

247 3103 386 3171 Augustin.
399 3102 431 3154 de
444 3102 496 3155 Gir.
545 3103 569 3154 ei
580 3101 650 3154 XVI.
666 3103 704 3154 ll.
719 3103 807 3167 „Tunc
857 3116 915 3152 rum
924 3101 1075 3154 confusione
1085 3104 1225 3156 momoriae
1230 3105 1354 3184 prodidit.
1361 3106 1417 3171 (F.)

248 3189 313 3241 opus
325 3176 380 3222 erat
391 3172 587 3240 eamllinguam
595 3171 749 3224 hebraicam
758 3172 807 3224 sci·
914 3170 930 3221 l.
956 3170 1073 3237 Aloidae]
1106 3172 1179 3224 Aloei
1199 3172 1267 3225 libas
1293 3172 1373 3227 Otnrn
1393 3182 1418 3228 et

246 3240 316 3308 licet)
330 3239 455 3308 distingui
472 3241 504 3291 ab
517 3241 574 3291 aliis
592 3240 689 3309 linguis
702 3241 807 3292 nomine
858 3236 1014 3307 Ephialtem,
1033 3239 1064 3291 de
1082 3240 1175 3309 quibus
1196 3240 1325 3295 Homerus
1346 3243 1416 3297 Iliad.

246 3309 359 3378 proprio,
368 3309 435 3360 sicut
443 3309 507 3359 aliae
518 3324 621 3377 quoque
630 3314 736 3360 vocatae
746 3314 807 3361 sunt
858 3307 885 3357 Λ.
899 3304 968 3358 314.;

247 3377 396 3430 nominihus
402 3378 520 3446 propriis.
538 3375 645 3439 Quando
653 3382 740 3430 autem
752 3382 807 3430 erat
892 3370 989 3425 Ὄσσαν
1006 3372 1044 3426 ἐπ’
1061 3374 1191 3445 Οὐλύμπου
1209 3378 1322 3462 μέμασαν
1340 3379 1416 3450 θέμεν,

248 3462 312 3507 una,
329 3443 393 3496 nihil
409 3444 479 3496 aliud
494 3444 699 3513 quamhumaua
715 3446 807 3515 lingua
1161 3431 1336 3542 abrepta'U
1371 3502 1376 3519 ,

248 3512 519 3566 authumanalocutio
529 3513 678 3577 vocabatur,
693 3515 807 3584 quasola
892 3510 984 3578 Πήλιον
1000 3509 1182 3583 εἰνοσίφυλλον,
1196 3514 1220 3565 ἵν
1249 3467 1417 3589 οὐρανοῖσλμ-

248 3583 397 3635 universnm
419 3599 502 3649 genus
522 3580 666 3634 humanum
683 3583 806 3653 loqueba·
1162 3582 1235 3652 βατὶς
1247 3582 1308 3651 εἴσιθ’

246 3651 312 3704 tur.”
352 3650 489 3720 (Galeard.)
860 3647 953 3701 Confer
975 3648 1110 3703 Philonem
1129 3650 1254 3706 Iudaeum
1272 3653 1303 3706 de
1320 3653 1417 3709 (lonfa-

285 3721 304 3772 f.
322 3719 430 3772 scientia
440 3720 486 3771 illa
497 3721 628 3787 caelestis]
654 3719 808 3789 Angelicam
858 3717 931 3770 sione
943 3717 1067 3786 hinguar.
1078 3737 1104 3788 p.
1117 3719 1184 3788 251,
1197 3727 1223 3774 ot
1237 3738 1251 3775 e
1268 3724 1417 3777 recentiori·

247 3789 360 3857 gretiam
371 3788 472 3840 dixerat
484 3805 505 3840 c.
521 3789 576 3840 104.
593 3789 697 3858 hugues
714 3788 807 3842 intelli·
858 3786 907 3838 bus
919 3787 1045 3839 illustrem
1054 3787 1177 3841 liuetium
1186 3790 1230 3842 lib.
1240 3789 1264 3843 2.
1277 3791 1417 3846 Alnetana·

248 3857 327 3926 geudi
339 3874 514 3927 quascunque.
552 3857 608 3937 (Rp
643 3925 648 3937 Ι
857 3871 916 3906 rum
928 3854 1115 3918 Quaestionum
1128 3856 1416 3932 c.12.§.6.p.189.eoq.

247 3941 315 4056 Ὣὲἑλ
328 3926 579 4046 dedibddddlrchogiid
591 3927 807 4048 hbhdddnddreddr
858 3922 1029 4060 (ngppffl
1042 4023 1075 4032 —
1086 4009 1110 4045 a.
1122 3994 1154 4046 de
1166 4010 1234 4048 anuo
1246 3953 1416 4064 annunciabo]

246 4078 307 4113 mon
318 4060 404 4116 habet.
421 4063 498 4115 Liber
510 4064 646 4115 nominum
657 4063 733 4115 Hebr.
745 4064 773 4116 Τ.
781 4062 805 4116 2.
856 4058 895 4111 Da
907 4065 1022 4130 tempore
1035 4062 1103 4130 quod
1114 4063 1314 4133 intelligendum
1326 4067 1361 4118 sit
1370 4082 1417 4136 per

247 4129 286 4199 Op
307 4170 312 4181 .
325 4131 475 4200 Hieronymi
488 4131 547 4183 odit
560 4131 596 4183 lo.
613 4132 768 4184 Marcianaei
779 4150 804 4201 p.
856 4144 955 4180 annum
970 4131 1167 4200 acceptabilem,
1184 4134 1373 4187 annunciatum
1389 4135 1416 4187 in

247 4147 304 4249 eoi).
322 4195 421 4267 ,,Ἒβερ,
433 4197 540 4267 διάβασις
550 4201 565 4265 ἢ
577 4200 722 4268 διαπερῶν.”
736 4200 804 4254 Hier.
855 4196 941 4249 verbis
953 4196 1046 4251 Esaiae
1063 4216 1130 4269 qnae
1145 4200 1285 4254 laudantur
1299 4201 1362 4256 Luc.
1373 4202 1415 4256 lv.

248 4266 539 4328 ,Eber,traueitorem.”
574 4269 631 4332 (F.)
858 4264 896 4317 19.
932 4265 989 4331 (F.)

281 4333 306 4386 h.
324 4333 444 4402 Hebraei]
463 4336 687 4390 ferrierBocharti
698 4336 803 4408 Phaleg.
889 4333 914 4385 b.
931 4334 1034 4455 Esaiasp
1059 4336 1128 4391 LXI.
1140 4336 1164 4390 2.
1186 4336 1415 4409 ,Εὗαγγελίσασθαν

247 4404 291 4456 lib,
305 4402 328 4455 2.
342 4418 397 4472 cap.
412 4403 450 4455 14,
464 4411 489 4456 et
501 4406 559 4457 libri
572 4405 595 4457 4,
609 4423 630 4458 c„
643 4407 688 4457 ult,
725 4405 781 4470 (R)
856 4399 962 4453 ἐνιαυτὸν
980 4423 1024 4474 asp
1035 4423 1063 4456 ου
1080 4404 1165 4458 beator
1182 4405 1222 4457 καλ
1238 4405 1332 4477 ἡμέραν
1344 4405 1416 4460 ἀντα-

286 4473 303 4524 1.
322 4476 382 4523 ante
395 4473 575 4550 septingentos
588 4476 684 4541 annos]
702 4474 805 4545 Septin-
857 4470 1008 4532 aobdcem;.''
1024 4474 1135 4528 Evidens
1151 4480 1240 4527 tutem
1247 4482 1288 4528 est
1299 4482 1329 4530 ut
1339 4477 1414 4542 diem,

266 4541 332 4593 eutis
342 4555 417 4592 annis
426 4543 608 4610 auteMoysen,
618 4541 737 4596 Iudaicae
746 4560 806 4596 con·
857 4540 893 4591 ita
905 4557 952 4594 noc
964 4558 1089 4595 aunuma
1104 4542 1230 4613 propbeta
1245 4544 1296 4597 dici
1331 4546 1414 4599 accisa

247 4557 357 4662 ditarem
368 4609 532 4678 reipublicae.
569 4611 625 4674 (F.)
858 4613 883 4660 et
894 4610 994 4675 stricte,
1010 4610 1055 4663 sed
1067 4611 1099 4663 de
1109 4616 1227 4682 tempore
1261 4629 1295 4666 no
1311 4563 1413 4668 divinae

279 4676 306 4730 lr.
323 4677 530 4733 aedificationem
546 4678 725 4749 illampdena
735 4696 807 4734 men·
857 4679 1248 4750 benignitatigratiamsnamin
1273 4680 1412 4755 brenm-
