3046 5124
330 394 335 401 ,
423 358 463 400 DE
476 356 703 401 nccuuauarrcrs
716 358 908 401 DOGUTIBUC.
1185 364 1246 430 3¹ss

79 521 229 583 monente
242 519 331 602 prius
346 516 404 581 deo
420 521 452 580 et
465 518 620 580 invitante
636 515 675 579 ad
691 514 835 598 salutem,
849 520 884 579 ut
898 515 949 581 vel
961 515 1056 599 eligat
1069 517 1120 583 vel
1132 537 1246 603 sequa·

79 625 131 683 tur
146 618 196 682 vel
211 626 283 702 agat
298 622 462 683 occasione
478 619 605 699 salutis,
625 618 683 682 hoc
704 624 751 681 est
765 618 969 703 inspiratione
985 619 1046 684 dei.
1083 619 1126 684 Ut
1140 627 1247 686 autem

80 721 389 806 consequaturquod
410 722 497 805 eligit
510 721 560 786 rel
577 720 660 805 quod
675 720 816 805 sequitur
829 721 879 784 vel
895 721 977 805 quod
992 723 1157 787 occasione
1172 725 1246 804 agit,

79 823 131 890 dei
147 846 217 889 esse
232 825 330 888 libere
348 825 540 890 confitemur.
577 824 706 887 initium
722 843 793 906 ergo
809 823 920 888 salutis
935 829 1059 888 nostrae
1076 823 1133 888 deo
1148 827 1244 888 mise·

78 934 170 993 rante
185 927 353 992 habemus:
374 934 410 991 ut
429 929 665 1011 acquiescamus
687 925 865 991 salutiferae
885 919 1099 1014 inspirationi,
1119 933 1245 992 nostrae

79 1033 245 1116 potestatis
261 1035 323 1094 est:
343 1034 379 1094 ut
397 1030 608 1115 adipiscamur
623 1029 706 1113 quod
720 1029 947 1140 acqpiescendo
968 1029 1174 1094 admonitioni
1189 1051 1244 1094 cu·

78 1134 195 1219 pimus,
210 1132 308 1197 divini
323 1139 371 1196 est
385 1133 541 1196 muneris:
557 1138 669 1201 utnon
685 1131 828 1196 labamur
847 1131 904 1197 ⁷ab
920 1132 1032 1217 adepto
1048 1132 1158 1196 salutis
1174 1152 1244 1196 mu·

79 1256 167 1317 uere,
182 1234 400 1299 sollicitudinis
417 1241 541 1299 nostrae
559 1241 608 1298 est
625 1239 657 1297 et
677 1228 821 1298 caelestis
840 1237 958 1320 pariter
973 1235 1132 1299 adiutorii:
1148 1241 1184 1299 ut
1197 1235 1243 1299 la-

79 1337 203 1419 bamur,
217 1341 381 1424 potestatis
398 1343 521 1403 nostrae
538 1338 589 1400 8et
603 1337 774 1420 ‘³ignaviae.

147 1437 308 1491 firmissime
320 1437 476 1490 credendum
489 1442 527 1490 est
540 1439 566 1490 in
578 1438 798 1508 praevaricatione
811 1437 881 1489 Adae
899 1454 989 1491 omues
1008 1435 1128 1490 homines
1141 1443 1244 1491 ustura·
1263 1447 1323 1501 (erp.
1337 1449 1413 1501 xxm)

79 1524 132 1579 lem
144 1523 344 1593 possibilitatem
356 1529 382 1576 et
394 1524 568 1577 innocentiam
581 1522 734 1593 perdidisse,
747 1528 773 1574 et
785 1523 915 1575 neminem
928 1522 958 1574 de
971 1521 1098 1594 profundo
1111 1523 1180 1576 illius
1193 1524 1244 1577 rui·

78 1624 129 1663 uae
140 1625 187 1679 per
199 1609 309 1661 liberum
321 1609 457 1661 arbitrium
469 1626 546 1678 posse
559 1625 728 1677 consurgere,
744 1608 795 1660 nisi
808 1625 868 1660 eum
880 1609 965 1679 gratia
977 1608 1018 1660 dei
1029 1608 1177 1661 miserantis
1191 1625 1244 1662 ere·

78 1694 158 1748 xerit.
189 1693 327 1746 ¹Liberum
339 1695 409 1746 euim
422 1694 557 1746 arbitrium
569 1695 612 1746 ille
625 1710 764 1763 perpessus
781 1694 842 1745 dum
855 1694 909 1745 suis
921 1693 1093 1746 inconsultius
1106 1694 1187 1746 utitur
1199 1695 1244 1746 bo·

78 1778 134 1844 nis,
150 1778 247 1832 cadens
262 1780 288 1832 in
305 1780 535 1849 perassaricationis
547 1778 677 1849 profunda
693 1779 825 1830 demersus
838 1784 890 1842 est,
908 1784 934 1830 et
949 1776 1014 1831 nihil
1025 1779 1244 1848 quemadmodum

79 1864 174 1918 exinde
186 1880 293 1934 surgere
305 1870 395 1936 posset
407 1865 511 1928 invenit,
524 1881 572 1916 sua
591 1881 623 1916 ue
635 1865 662 1915 in
675 1871 808 1916 aeternum
821 1865 938 1917 libertate
950 1864 1072 1934 deceptus
1084 1863 1161 1918 huius
1176 1864 1244 1917 ²rui·

23 1964 26 2001 3
79 1966 128 2003 nae
140 1951 260 2003 latuisset
274 1967 411 2020 oppressu,
429 1951 480 2002 nisi
492 1966 552 2002 eum
563 1881 623 2018 dist
636 1947 730 2001 Christi
741 1966 787 2018 pro
800 1966 848 2001 sua
860 1950 945 2018 gratia
956 1950 1097 2002 relevasset
1108 1950 1244 2017 adventus,

78 2036 124 2106 qui
135 2052 183 2106 per
193 2051 278 2088 novae
289 2035 493 2105 regenerationis
505 2034 712 2106 purificationem
729 2051 805 2089 omne
822 2034 833 2067 ³
838 2036 1007 2104 praeteritum
1024 2036 1115 2088 sitium
1129 2037 1168 2089 sui
1182 2037 1243 2107 bap-

78 2121 191 2175 tismatis
203 2121 306 2174 lavacro
319 2122 450 2191 purgavit.

147 2206 285 2259 Neminem
297 2224 355 2259 csse
367 2223 412 2277 per
424 2208 593 2278 semetipsum
606 2207 717 2272 bonum,
735 2207 786 2259 nisi
797 2207 1023 2278 participationem
1039 2208 1080 2260 sui
1092 2207 1134 2260 ille
1149 2206 1243 2261 ¹douet
1261 2218 1321 2270 (usp.
1335 2219 1420 2269 xxm)

77 2294 124 2365 qui
134 2293 208 2347 solus
220 2299 261 2345 est
272 2293 364 2347 bonus.

145 2378 283 2431 Neminem
296 2380 375 2431 etiarn
388 2379 551 2448 baptismatis
563 2379 649 2447 gratia
660 2385 812 2431 renovatum
825 2379 946 2432 idoneum
964 2396 1021 2431 esse
1038 2379 1070 2431 ad
1082 2379 1242 2448 superandas
1261 2389 1321 2440 (cip.
1335 2389 1419 2440 xxiv.)

77 2463 178 2517 diaboli
189 2464 296 2516 insidias
309 2465 379 2516 etad
392 2464 531 2516 vincendas
545 2464 628 2516 carnis
642 2465 874 2534 concupiscentias,
887 2466 938 2518 uisi
949 2483 994 2535 per
1007 2465 1187 2535 quotidianum
1199 2465 1243 2520 ad·

76 2549 202 2603 interium
215 2549 257 2601 dei
267 2551 485 2619 perseverantiam
499 2551 580 2601 bonae
593 2551 796 2602 conversationis
810 2552 945 2621 acceperit.

146 2634 221 2700 Quod
234 2653 310 2687 neure
323 2637 373 2687 uisi
385 2653 430 2704 per
442 2634 573 2687 Christum
585 2635 666 2688 libero
679 2637 744 2688 bene
756 2642 844 2689 utatur
856 2637 976 2701 arbitrio,
993 2637 1061 2689 idem
1078 2638 1204 2707 magister
1215 2638 1242 2692 iu
1261 2647 1321 2700 (crp.
1335 2646 1408 2697 xxv.)

77 2722 190 2793 epistola
205 2721 238 2773 ad
249 2721 428 2774 Milevitanum
445 2721 583 2773 concihunr
601 2721 660 2773 data
676 2722 820 2791 praedicat,
840 2723 956 2775 ¹dicens:
969 2722 1079 2774 Advorte
1092 2724 1209 2789 tandem,
1227 2742 1242 2778 o
1338 2737 1340 2741 ·

76 2807 292 2879 pravissimarum
303 2808 430 2859 mentium
440 2823 561 2876 perversa
573 2807 702 2872 doctrine,
721 2808 789 2877 quod
804 2809 919 2878 primum
935 2807 1068 2861 homiuem
1085 2809 1122 2861 ita
1137 2810 1242 2864 libertas

76 2893 135 2963 ipsa
146 2892 260 2962 decepit,
278 2897 307 2944 ut
323 2891 385 2944 dum
401 2891 578 2960 indulgentius
590 2893 670 2944 frenis
683 2893 739 2945 eius
750 2894 841 2958 utitur,
860 2895 887 2946 in
903 2894 1152 2965 praevaricationem
1167 2913 1241 2966 prae·
1336 2932 1347 2945 .-

76 2979 225 3050 sumptione
237 2978 368 3031 incideret.
397 2975 449 3027 Nec
467 2993 500 3029 ex
517 2976 564 3029 bac
579 2979 664 3047 potuit
676 2980 743 3042 erni,
761 2980 812 3032 nisi
824 2980 847 3032 ei
863 2979 1025 3051 providentia
1037 2982 1241 3050 regenerationis

76 3069 174 3119 statum
187 3064 311 3135 pristinae
323 3062 448 3116 libertatis
461 3060 556 3115 Christi
568 3062 666 3116 domini
678 3064 845 3118 reformasset
857 3065 992 3121 adrentus.

75 3207 185 3256 naturae
197 3206 299 3252 nostrae
312 3216 412 3269 sequax
424 3217 481 3252 esse
491 3199 591 3253 divinae
601 3201 778 3271 inspirationis
787 3203 867 3256 libere
877 3203 1040 3256 confitemur.
1058 3203 1141 3274 Igitur
1151 3212 1241 3263 utnon

75 3271 196 3325 labamur
209 3278 263 3320 cett.
283 3269 318 3320 Id
327 3287 384 3319 ciero
396 3269 429 3320 ab
441 3269 540 3320 brrmr'nc
552 3269 677 3321 catholico
689 3275 810 3322 insertam
818 3281 915 3340 putant
924 3282 1034 3341 propte-r
1051 3276 1169 3327 latentem
1186 3279 1240 3328 illic

75 3334 274 3406 Pelagionomm
286 3355 404 3391 errorem.
423 3337 539 3406 (Bened.)
603 3337 627 3392 7.
640 3339 668 3391 iu
680 3339 727 3391 ade
746 3346 773 3391 to
787 3342 847 3395 edit.
860 3341 977 3395 Ebncnh.
1042 3341 1066 3396 8.
1080 3349 1121 3395 est
1138 3351 1164 3396 et
1181 3348 1240 3397 edit.

75 3405 191 3461 Elaeae.
243 3406 267 3460 9.
282 3405 344 3457 Post
353 3406 473 3474 ignaviae
487 3409 541 3458 cod.
555 3405 669 3461 Floreat.
682 3411 719 3460 ad
736 3413 757 3458 it
767 3408 793 3460 id
806 3415 846 3478 ast
857 3409 1018 3462 rationabilis
1031 3412 1181 3466 voluntatis.
1207 3415 1240 3465 In

75 3478 134 3529 edit.
148 3472 262 3526 Elmenh.
276 3472 340 3524 haec
352 3484 500 3542 sequeretur:
512 3491 565 3527 non
577 3480 664 3528 tamen
677 3475 710 3528 ad
722 3477 889 3530 obtinendam
902 3479 957 3531 sine
970 3479 1014 3532 illo
1027 3481 1072 3549 qui
1085 3487 1238 3549 quaerentes

74 3544 137 3597 iacit
147 3542 276 3604 invenire,
311 3542 339 3595 ui
350 3543 514 3612 pulsantibus
526 3544 620 3612 aperit,
638 3544 682 3613 qui
694 3546 842 3614 petentibus
854 3546 941 3602 donat.
971 3547 1044 3599 Siout
1060 3564 1122 3617 ergo
1135 3550 1239 3603 initium

74 3612 167 3666 salutis
180 3617 284 3663 nostrae
294 3559 348 3663 qdeo
367 3613 506 3664 miserante
524 3619 550 3663 et
566 3612 709 3681 inspiranto
722 3612 817 3666 habere
829 3633 877 3668 nos
890 3616 1031 3668 credimus:
1050 3617 1087 3667 ita
1104 3617 1239 3672 arbitrium

74 3686 180 3735 nocuae
192 3686 298 3732 naturae
311 3696 411 3750 sequax
423 3698 481 3733 esse
491 3681 591 3732 divinae
600 3681 777 3752 inspirationis
787 3684 866 3736 libere
876 3685 1036 3738 confitemur.
1055 3683 1138 3752 Igitur
1147 3692 1239 3740 utnon

74 3750 193 3803 labamur
205 3764 221 3798 a
234 3749 301 3801 bono
313 3751 355 3800 rel
367 3755 474 3802 naturae
487 3751 528 3801 rel
539 3750 637 3813 meriti,
655 3750 835 3804 sollicitudinis
851 3760 954 3804 nostrae
973 3758 1012 3803 est
1023 3757 1049 3803 et
1060 3753 1179 3805 caelestis
1192 3771 1237 3825 pa-

74 3819 135 3871 riter
145 3817 278 3870 adiutorii:
293 3822 321 3869 ut
332 3818 457 3881 labamur,
470 3820 606 3887 potestatis
619 3825 723 3872 nostrae
735 3827 761 3872 et
772 3822 901 3890 ignaviae.
928 3820 1129 3875 Elmeoborariua
1141 3832 1237 3874 tannim

73 3896 186 3940 extrem
197 3888 245 3937 illa
257 3886 339 3955 igitur
351 3892 380 3938 ut
392 3904 444 3939 uon
456 3887 574 3939 labamur
586 3918 619 3926 —
628 3918 662 3927 -
673 3888 793 3957 ignaviae
812 3890 943 3941 abundare
961 3892 1071 3951 cenauit,
1089 3899 1114 3941 et
1129 3893 1237 3945 delenda

74 3964 104 4007 at
144 3958 212 4006 urin.

112 3972 217 4094 wlCap.
230 4022 327 4091 XXII.)
342 4054 373 4063 -
393 4022 419 4074 V.
436 4023 572 4075 Caelestini
580 4043 669 4095 popae
688 4043 701 4076 e
719 4029 760 4079 ist.
777 4027 814 4078 cd
827 4027 971 4077 Galliarum
988 4030 1118 4096 episcopos
1147 4028 1236 4097 Augu·

73 4096 135 4145 atini
149 4091 212 4175 Opp.
226 4095 264 4144 ed.
278 4092 372 4144 Berred.
386 4101 441 4144 torm.
454 4090 488 4173 nl,
502 4092 620 4161 Append.
629 4113 658 4163 p.
672 4045 746 4213 thp
764 4099 782 4158 .)
796 4112 853 4213 erpo.
867 4093 891 4175 4:
946 4093 967 4146 l.
982 4094 1019 4162 Cf.
1034 4095 1178 4178 Innoccntr'i
1207 4119 1236 4150 a·

70 4160 291 4350 'hiddi
305 4161 823 4300 {etelsussublatas
836 4161 987 4300 ,stlt-
1006 4165 1234 4303 acefala:

74 4314 96 4350 rr
172 4313 245 4350 ene.

141 4296 216 4437 βαρ.
227 4301 342 4485 Xlell.p
356 4365 384 4419 V.
398 4365 535 4417 Caelestini
542 4383 630 4435 popae
643 4371 713 4438 epist.
726 4369 763 4419 cd
776 4368 844 4420 Gall.
857 4371 986 4438 episcopos
1004 4386 1061 4440 cap.
1074 4371 1099 4424 5.
1154 4371 1176 4427 l.
1190 4371 1234 4427 do·

73 4434 175 4488 triverit
184 4437 223 4487 ed.
235 4434 325 4485 Elmeo
344 4474 350 4486 .

155 4500 216 4573 Cap.
229 4502 342 4571 XXIV.)
364 4501 392 4554 V.
406 4502 544 4554 Caelestini
549 4521 640 4573 popae
652 4508 723 4574 epist.
736 4507 773 4557 ud
786 4505 855 4558 Gall.
868 4507 944 4575 episc.
958 4523 1016 4576 cap.
1029 4508 1054 4559 5.

154 4569 217 4642 Cap.
229 4571 327 4636 XXV.)
352 4570 380 4623 V.
394 4570 531 4624 Caelestini
536 4590 626 4640 papae
637 4577 710 4642 epist.
722 4575 759 4626 ad
772 4574 840 4628 0011.
853 4578 931 4644 episc.
945 4593 1004 4647 cap.
1019 4576 1043 4630 6.
1102 4576 1124 4632 l.
1138 4576 1176 4647 Cf.
1189 4577 1233 4632 Io-

76 4643 203 4694 neccntr'ua
215 4643 286 4710 epact.
299 4638 359 4692 182.
371 4643 437 4692 iuter
448 4640 585 4709 Augustis.
598 4659 662 4693 oum.
674 4640 700 4693 3.
