3046 5124
407 357 446 397 DE
460 356 686 399 nemsamarwrs
698 356 890 401 nounrmus.
1164 360 1224 426 351

66 532 165 579 cauea
177 512 312 579 vacandi
327 513 453 578 domiuo
471 514 616 595 eligatur3
636 515 774 599 alioquin
795 514 962 579 divortium
977 514 1076 596 magis
1092 516 1228 598 coniugii

67 614 228 681 videbitur
243 635 313 679 esse
329 636 424 698 quam
438 616 596 681 *castitas

119 718 301 809 ‚VirginItas
316 724 448 802 utroque
464 720 546 785 bono
562 720 750 804 praecelsior
764 726 823 801 est,
839 721 912 802 quia
926 724 958 782 et
971 724 1115 783 naturam
1128 719 1227 783 vincit
1245 735 1295 786 co·
1309 737 1394 807 ψῃ.

66 825 100 885 et
108 840 257 905 pugnam,
267 827 411 885 naturam
424 823 560 906 corporis
572 824 761 904 integritate,
769 842 904 907 pugnam
915 842 990 906 pace
1003 822 1225 886 ¹castimoniae.
1245 789 1305 840 (ΟΨ
1318 789 1391 838 ω’)

129 922 254 988 Bonum
268 930 317 987 est
332 924 382 987 ¹in
393 925 503 989 cibum
518 944 590 988 cum
605 928 776 1006 gratiarum
790 927 911 989 actione
923 944 1044 988 sumere
1058 922 1228 1007 ²quidquid
1245 943 1295 992 cao·
1309 944 1404 1004 mm·

68 1024 147 1091 deus
161 1025 317 1103 edendum
333 1028 500 1110 praecepit.
526 1026 694 1090 Abstinere
710 1033 814 1090 autem
828 1028 867 1092 ab
883 1026 1046 1109 aliquibus,
1060 1048 1125 1092 nou
1139 1029 1228 1110 quasi
1246 994 1306 1046 (οΨ’
1321 995 1393 1034 Μ’

67 1127 177 1208 malis,
197 1128 252 1192 sed
272 1130 363 1210 quasi
382 1150 446 1192 non
460 1131 663 1209 necessariis,
678 1150 740 1193 non
756 1136 805 1192 est
818 1129 944 1194 malum.
980 1129 1132 1193 Moderari
1153 1149 1226 1192 vero
1324 1127 1328 1137 '

66 1230 194 1296 ⁸eorum
208 1251 300 1295 usum
314 1252 370 1315 pro
382 1233 570 1295 necessitate
585 1235 617 1293 et
627 1237 767 1316 temporo
778 1235 901 1316 proprie
914 1231 1159 1295 Christianorum
1170 1234 1227 1295 est.

132 1332 247 1398 ¹hlalas
264 1332 366 1397 dicere
381 1335 520 1418 nuptias,
534 1333 583 1396 vel
598 1334 794 1398 fornicationi
810 1333 1033 1419 comparandas
1044 1338 1099 1398 ant
1110 1339 1228 1418 stupro,
1246 1360 1296 1428 cap.
1310 1362 1404 1423 xrrrv.

68 1436 158 1501 cibos
177 1434 269 1501 ²vero
290 1435 417 1499 credere
436 1435 536 1500 malos
555 1442 608 1499 vel
625 1436 718 1501 ³mali
739 1457 865 1501 causam
884 1437 1143 1521 percipientibus,
1165 1455 1228 1499 non
1246 1413 1306 1464 (ω’
1320 1413 1412 1464 Μ’)

68 1543 119 1602 est
133 1538 393 1618 Christianorum,
409 1538 465 1601 sed
481 1538 603 1623 proprie
618 1538 865 1603 4Ilncratitarum
880 1545 913 1602 et
924 1538 1185 1603 Manichaeorum.

134 1641 280 1706 Sacratae
297 1639 373 1704 ¹deo
388 1639 560 1721 virginitati
575 1643 701 1725 nuptias
716 1661 899 1724 coaequare,
919 1648 970 1705 aut
984 1662 1039 1726 pro
1055 1661 1159 1705 amore
1176 1661 1227 1704 oa·
1247 1668 1297 1719 cap.
1311 1670 1396 1711 xxxv.

68 1742 207 1827 stigandi
227 1743 365 1827 corporis
386 1743 617 1807 abstinentibus
641 1746 750 1807 avino
771 1743 820 1807 vel
841 1745 985 1807 carnibus
1003 1743 1082 1808 nihil
1102 1743 1228 1808 credere
1247 1720 1307 1773 (ω’
1321 1720 1425 1773 mm)

67 1848 174 1911 meriti
189 1865 380 1926 accrescere,
394 1844 470 1909 ²neo
485 1844 544 1908 hoc
561 1844 738 1927 Christiani,
753 1845 810 1914 scd
825 1847 975 1911 loriniani
989 1852 1046 1910 est.

132 1948 259 2029 integra
272 1947 334 2011 fido
350 1947 541 2012 credendum
556 1953 605 2010 est
619 1948 745 2011 beatam
759 1948 889 2013 Mariam
904 1947 953 2012 dei
969 1946 1084 2012 Christi
1096 1954 1229 2013 matrem
1247 1971 1298 2040 cap.
1312 1970 1406 2011 xrrrr.

69 2056 102 2116 et
114 2051 268 2132 virginem
284 2053 481 2135 concepisse,
503 2056 534 2112 et
548 2051 700 2132 virginem
714 2052 874 2131 genuisse,
894 2056 924 2115 et
938 2055 1010 2134 post
1022 2056 1146 2134 parturn
1166 2052 1228 2115 vir-
1248 2023 1308 2074 (ω’
1321 2022 1405 2072 Lm)

68 2155 177 2237 glum
192 2155 409 2237 permansisse.
440 2152 504 2216 Nec
517 2157 566 2215 est
580 2151 792 2237 blasphemiae
807 2151 942 2216 Helvidii
957 2152 1230 2235 acquiescendum,

65 2258 128 2340 qui
143 2255 238 2321 dixit:
254 2255 367 2337 ¹Virgo
379 2261 452 2318 ante
467 2261 602 2339 partum,
618 2274 680 2318 non
695 2254 781 2338 uirgo
796 2260 867 2339 post
879 2260 1011 2338 partum.

73 2346 76 2351 ’
132 2357 306 2438 Elementa,
321 2358 353 2421 id
369 2363 418 2421 est
432 2358 554 2422 caelum
569 2361 601 2420 et
615 2363 730 2421 terram
744 2378 808 2420 non
824 2357 995 2422 ¹credimua
1007 2356 1161 2423 abolenda
1174 2377 1231 2442 per
1248 2380 1298 2430 cap.
1312 2381 1417 2420 xxxvrr.

68 2463 192 2544 ignem,
212 2460 316 2524 sedin
331 2459 444 2524 melius
460 2460 693 2540 commutanda3
709 2461 840 2542 liguram
853 2480 973 2543 quoque
987 2460 1115 2542 mundi,
1134 2460 1168 2524 id
1183 2467 1232 2524 est
1248 2432 1308 2483 (αρ’
1323 2433 1394 2482 m)

68 2563 249 2647 imaginem,
266 2583 328 2626 non
344 2563 563 2643 substantiam,
578 2565 789 2627 transituram.

132 2666 256 2730 Bonum
278 2672 327 2728 est
345 2665 510 2730 facultates
531 2686 602 2729 curn
628 2665 859 2751 dispensatione
880 2667 1068 2751 pauperibus
1094 2685 1228 2749 erogare.
1248 2690 1298 2739 cap.
1312 2690 1426 2752 xrxym.

67 2768 182 2836 Melius
196 2774 246 2833 est
260 2789 315 2852 pro
330 2768 504 2834 intentione
520 2768 672 2852 sequendi
687 2768 847 2835 dominum
862 2768 976 2833 ¹semel
987 2768 1112 2850 donare,
1127 2774 1160 2832 et
1173 2770 1229 2833 ab·
1248 2742 1308 2793 (⁰⁸p'
1322 2741 1405 2791 Lm)

69 2871 207 2938 solutum
222 2870 432 2935 sollicitudine
448 2892 519 2934 cum
534 2871 657 2936 Christo
673 2891 771 2953 egere.

133 2974 282 3039 Maritum
302 2972 433 3036 duarum
452 2979 525 3057 post
545 2974 737 3058 baptismum
756 2979 967 3038 matronarum
993 2973 1142 3038 clericum
1167 2995 1231 3040 non
1249 2999 1299 3049 cap.
1313 3000 1407 3040 xxxix.

70 3076 295 3154 ordinandum:
310 3096 411 3159 nsque
427 3096 498 3139 eum
514 3076 679 3158 quianam
698 3076 834 3166 quidem,
851 3076 923 3140 ¹sed
938 3076 1153 3160 concubinam,
1168 3098 1231 3141 non
1250 3052 1309 3102 ‘⁰⁸⁹‘
1323 3052 1417 3101 Μ’)

69 3186 258 3261 mamonam,
271 3179 397 3244 habuit:
413 3200 470 3242 uec
485 3178 574 3243 illum
591 3182 644 3262 qui
657 3178 795 3261 viduam,
815 3185 868 3242 aut
881 3180 1086 3265 repudiatam,
1100 3181 1151 3244 rel
1163 3201 1231 3246 me·

71 3283 218 3349 ratricem
233 3281 481 3345 in‘matrimonio
498 3282 648 3366 sumpsit:
668 3301 769 3365 neque
781 3302 852 3347 eum
867 3281 921 3365 qui
936 3285 1139 3369 semetipsum
1154 3305 1231 3368 quo·

76 3385 156 3451 libet
170 3385 308 3470 corporis
328 3385 376 3448 sui
392 3385 532 3449 membro
554 3384 769 3467 indignatione
790 3385 895 3469 aliqua
912 3386 963 3449 vel
981 3389 1063 3451 iusto
1077 3388 1232 3450 iniustove

139 3538 164 3591 4.
178 3537 220 3588 Itu
232 3536 400 3600 Benedicitur,
413 3545 437 3588 et
448 3539 502 3588 cod.
515 3536 625 3589 Floreat.
637 3535 751 3589 Elmeub.
763 3539 844 3589 edidit
854 3538 976 3608 appetitio
988 3538 1122 3591 castitatis

141 3605 203 3725 (la‘p.
214 3606 327 3724 XhXXII.
340 3637 373 3646 -
403 3607 423 3660 l.
436 3606 613 3670 castimoniae,
627 3621 693 3674 quae
704 3622 750 3676 pro
763 3607 819 3658 solo
831 3623 918 3660 amore
929 3607 1067 3677 pudicitiae
1079 3607 1106 3658 in
1117 3620 1181 3675 pace
1192 3612 1230 3658 est

72 3675 340 3813 edat.({lr)oe}mst
354 3774 386 3780 —
407 3743 427 3797 l.
444 3744 470 3796 iu
488 3763 533 3797 om.
551 3745 609 3795 edit.
628 3743 742 3797 Elmeolr.
795 3743 818 3795 ἱ).
836 3750 862 3796 et
892 3742 999 3811 uidquid
1014 3742 1077 3795 deus
1094 3742 1232 3811 praecepit,

71 3811 200 3867 edendum
212 3818 252 3863 eat
264 3815 323 3865 edit.
338 3812 451 3866 iil-ruent.
502 3812 527 3864 3.
538 3811 611 3864 MSS.
624 3812 740 3865 carnium
751 3829 836 3865 usum.
871 3761 986 3880 iitenedl

42 3903 49 3909 ·
141 3880 203 3949 Cap.
216 3880 340 3934 XXXIV.
353 3912 386 3918 -
410 3881 431 3933 l.
445 3881 528 3933 Malas
541 3898 600 3933 vero
613 3881 697 3933 dicere
709 3885 767 3936 edit.
787 3880 897 3933 horeat.
951 3879 974 3930 2.
991 3895 1094 3948 quoque
1110 3880 1169 3933 edit.
1186 3879 1231 3929 El·

72 3948 153 4002 aar.
204 3948 227 4001 3.
244 3949 410 4000 malicausas
425 3965 511 4001 creare
541 3949 724 4019 ercipieutibua
741 3952 795 4002 cod.
809 3949 920 4000 Floreat.
932 3948 1044 4000 malitias
1057 3963 1163 4000 causare
1175 3964 1231 4016 per-

72 4018 98 4071 ci
115 4016 229 4071 ientibus
242 4020 301 4069 edit.
315 4016 428 4070 Eumene.
481 4017 505 4068 4.
518 3967 561 4068 ita
575 4020 605 4070 dc
617 4019 736 4069 librorum
747 4035 845 4068 urorum
858 4020 1010 4067 cucmrr'tatc
1021 4024 1088 4067 recte
1100 4018 1233 4067 ediderunt

99 4088 237 4139 eaedictini
243 4105 294 4154 pro
305 4087 411 4153 rugato
423 4084 635 4149 Hierachitarum,
653 4090 695 4137 cai
705 4085 903 4136 Elmeaboratins
914 4102 1006 4152 quoque
1018 4088 1152 4152 acquievit.
1181 4083 1231 4137 Eu·

74 4155 223 4208 nautarum
235 4159 263 4204 ia
274 4173 317 4205 suo
330 4155 384 4206 eorl.
399 4172 441 4205 ma.
454 4158 551 4205 iuuerit
565 4160 642 4207 enom
659 4155 691 4205 F.
705 4154 782 4222 Bupt.
797 4153 940 4215 Coteleriua,
957 4171 1075 4221 sponsore
1090 4157 1146 4222 ipso
1159 4152 1230 4204 Eccl.

77 4224 124 4275 Gr.
135 4223 244 4275 Morum.
257 4232 312 4274 tom.
326 4223 348 4284 I,
359 4241 420 4290 pap.
435 4221 496 4272 780.

142 4290 204 4362 Gap.
216 4291 330 4344 XXXV.
343 4321 376 4330 —-
397 4290 418 4341 l.
430 4306 491 4341 vero
503 4292 583 4351 „alb”
596 4310 638 4360 ap.
652 4289 766 4343 Elmeot.
819 4288 843 4342 2.
861 4306 914 4342 nou
926 4292 985 4344 edit.
999 4290 1114 4342 Elmeut.

141 4359 203 4431 Gap.
215 4359 339 4412 XXXVI.
352 4388 385 4396 -
406 4359 426 4410 l.
438 4359 488 4410 fuit
499 4359 573 4427 uirgo
586 4363 645 4412 edit.
657 4359 771 4410 Elmenlr.

142 4427 205 4500 Gap.
215 4427 352 4482 XXXVII.
364 4458 397 4466 -
418 4427 439 4481 l.
453 4426 587 4479 credamus
600 4430 658 4482 edit.
669 4425 783 4478 Elmenb.

142 4496 204 4568 Gap.
215 4495 363 4551 XXXVIII.
376 4526 408 4535 -
429 4497 449 4547 l.
467 4496 549 4547 semel
564 4499 618 4548 cod.
633 4496 751 4557 Floreat,
769 4503 793 4546 et
809 4497 868 4546 edit.
881 4495 975 4550 Beued.
991 4496 1098 4550 insimul
1114 4499 1172 4552 edit.
1188 4497 1231 4549 El-

73 4566 164 4631 menh,
176 4584 230 4619 cam
243 4568 340 4618 ceteras.

43 4680 50 4691 .
143 4634 204 4704 Cap.
216 4633 343 4687 XXXIX.
357 4663 389 4671 -—
410 4633 430 4685 l.
444 4650 494 4685 uon
509 4634 563 4686 eod.
577 4633 687 4687 Furens.
