3046 5124
244 337 305 404 150
747 340 897 380 Pfflnasrm

242 494 381 577 legisque
395 493 537 559 nolentes
551 498 700 560 virtutem
714 516 879 578 agnoscere
902 516 966 562 non
984 498 1089 561 minus
1103 497 1212 562 Iudaei
1222 496 1277 562 vel
1292 502 1404 583 pagani

242 598 401 663 iudicandi
416 605 499 662 sunt.

30 698 225 819 (ezr-effi&
305 701 376 765 Alia
391 706 439 764 est
453 701 591 765 haeresis
607 722 685 785 quae
702 700 778 766 dioit
791 700 974 765 mandatum
994 722 1058 766 non
1080 723 1149 766 esse
1169 703 1405 788 accipiendum·

85 795 89 806 '
208 797 214 808 ’
244 804 325 886 quod
339 804 442 868 Adam
463 810 550 888 pater
570 811 676 868 noster
692 810 868 889 acceperat,
890 825 991 888 noque
1014 825 1083 868 esse
1106 804 1184 868 illud
1206 808 1332 870 virtutis
1353 812 1407 869 aut

243 906 386 969 utilitatis
402 906 533 971 alieuius
549 909 731 992 opinantur,
747 927 819 970 eum
834 909 900 970 siue
915 905 1062 971 mandato
1077 907 1131 971 illo
1146 928 1205 972 neo
1221 906 1273 970 lex
1288 908 1406 992 ¹Moysi

242 1010 341 1093 possit
361 1011 478 1092 aoeipi,
500 1030 557 1072 nee
575 1009 690 1072 Christi
711 1010 837 1090 agnosci
852 1014 1002 1094 perpetua
1022 1015 1054 1072 et
1075 1009 1173 1073 affusa
1192 1011 1291 1092 gratia
1311 1016 1404 1094 atque

242 1113 375 1195 eopiosa.
414 1111 544 1196 Triplici
564 1114 648 1175 enim
663 1114 777 1176 virtute
792 1115 825 1174 in
841 1132 969 1196 corporo
985 1113 1172 1176 constitutus
1193 1110 1404 1177 omnishomo

243 1213 280 1275 de
293 1214 360 1296 lege
369 1213 475 1278 divina
487 1212 645 1278 doeendus
657 1212 723 1277 ²aut
734 1214 909 1279 mouendus
916 1216 1092 1295 instruitur,
1103 1221 1138 1277 ut
1146 1216 1179 1277 in
1190 1216 1293 1299 prima
1303 1220 1404 1279 aetate

241 1317 299 1380 sub
321 1316 468 1380 mandato
491 1319 535 1379 sit
563 1315 700 1379 secunda
722 1316 779 1380 sub
802 1316 886 1399 lege,
907 1319 1000 1380 tertia
1022 1317 1080 1380 sub
1100 1319 1200 1398 gratia
1222 1316 1404 1393 salvatoris3

242 1418 372 1501 ideoque
394 1418 445 1482 lex
459 1421 640 1482 ammonitio
656 1424 704 1481 est
717 1421 822 1502 potius
836 1425 962 1503 propter
983 1418 1326 1507 oblivionemmandati
1341 1421 1404 1504 pri·

242 1522 332 1601 stini,
354 1519 437 1603 quod
456 1526 544 1604 pater
563 1526 669 1584 noster
684 1520 786 1584 Adam
805 1523 838 1584 in
853 1523 962 1606 primis
977 1544 997 1585 a
1012 1521 1068 1585 deo
1084 1527 1249 1606 acceperat
1263 1524 1297 1584 in
1313 1543 1403 1606 para·

242 1621 318 1685 diso.
346 1623 393 1684 lta
408 1624 492 1685 enim
508 1625 658 1707 seriptum
673 1622 739 1686 ³est
753 1626 786 1686 iu
802 1624 903 1706 logob:
917 1623 977 1687 Ne
990 1623 1122 1688 ⁴otliroo
1142 1625 1330 1689 mandatum
1350 1625 1403 1688 do·

240 1726 320 1788 ruioo'
333 1724 385 1786 dei
399 1727 447 1788 teo'
459 1728 622 1789 recesseris
634 1724 674 1788 ob
686 1748 720 1789 eo
733 1737 761 1790 et
769 1747 892 1811 pereas.
916 1725 989 1790 Ideo
1005 1725 1056 1788 lex
1067 1726 1249 1790 ammonitio
1262 1726 1403 1790 mandati

242 1832 274 1889 et
288 1827 481 1890 confirmatio
490 1835 545 1889 'est
559 1829 651 1911 primi
664 1827 756 1891 illius.
780 1829 896 1891 lterum
910 1827 1093 1891 mandatum
1105 1834 1137 1890 et
1148 1827 1198 1890 lex
1210 1827 1329 1891 Christi
1337 1827 1403 1912 ple·

242 1950 314 1992 nam
329 1929 512 2012 praedicant
531 1933 648 2011 gratiae
660 1931 831 1994 bonitatem
843 1952 879 1994 ae
891 1932 1103 2014 praesentiam
1114 1928 1292 2007 salutarem.
1315 1931 1403 1995 Ideo·

242 2053 301 2116 que
317 2029 460 2095 domiuus
475 2034 552 2095 ait0:
568 2033 651 2097 Eece
667 2034 725 2118 qui
738 2031 889 2117 loquebar
902 2035 936 2097 io
946 2032 1125 2119 prophetoe,
1144 2033 1267 2096 achaea.
1304 2032 1403 2097 Maio·

241 2155 290 2197 ros
298 2133 311 2171 ‘¹
327 2140 400 2197 suut
414 2135 518 2218 itaque
535 2137 589 2218 qui
604 2135 661 2198 sub
677 2135 824 2198 mandato
841 2135 966 2198 luerunt
981 2136 1118 2218 antiqui,
1132 2134 1223 2198 5oum
1238 2155 1303 2200 non
1315 2134 1404 2199 obliti

241 2238 336 2301 etiarn
351 2235 467 2300 Christi
487 2237 669 2301 ⁶salvat0ris
690 2237 773 2301 ⁷suis
794 2239 926 2321 posteris
948 2243 979 2300 et
994 2239 1060 2300 eius
1075 2239 1261 2319 mysterium
1276 2239 1402 2302 nuntia·

241 2345 327 2417 ruut;
344 2342 431 2403 cuius
447 2345 478 2401 et
490 2339 645 2404 oblivione
658 2342 809 2403 existente
827 2342 857 2402 in
877 2339 999 2402 ludaeis
1017 2340 1197 2403 ammonitio
1214 2361 1340 2403 rursum
1353 2339 1403 2404 lit·

240 2448 337 2506 terae⁰
353 2441 522 2505 subsecuta
537 2449 595 2524 est,
610 2446 645 2506 rit
660 2445 693 2505 in
708 2442 813 2505 littera
826 2443 920 2505 etiam
935 2441 1050 2506 Christi
1065 2440 1215 2526 spiritalis
1230 2444 1364 2507 seientia
1374 2448 1404 2506 et

242 2544 374 2608 earnalis
396 2548 574 2629 praesentia
595 2545 776 2608 illuminans
799 2544 940 2608 seculum
962 2549 1148 2628 speraretur.
1190 2543 1329 2627 Ideoque
1354 2544 1404 2609 lex

240 2648 355 2729 ⁸Moysi
371 2646 456 2710 aliud
472 2649 505 2710 in
521 2668 596 2711 sono
617 2649 719 2728 vocis,
740 2646 824 2711 aliud
844 2648 879 2710 in
899 2645 1099 2711 absconditos
1117 2645 1272 2710 ⁹salutare
1288 2646 1405 2713 Christi

240 2752 425 2833 mysterium
441 2751 605 2812 continens
620 2749 794 2812 nuntiabat.
831 2748 910 2831 Ergo
926 2769 1028 2832 neque
1044 2748 1227 2813 mandatum
1241 2750 1310 2812 sine
1327 2748 1404 2833 lege,

241 2873 298 2916 noo
314 2850 365 2914 lex
380 2853 451 2916 sine
463 2851 626 2935 mandato,
646 2872 704 2915 neo
724 2854 823 2935 gratia
838 2851 954 2917 Christi
973 2853 1041 2916 sine
1057 2851 1125 2935 lega
1141 2857 1173 2914 et
1186 2849 1336 2917 mandato
1352 2874 1403 2917 ae·

242 2956 306 3040 oipi
321 2959 375 3018 aut
391 2954 475 3020 orodi
490 2953 584 3021 debet
599 2955 638 3021 ab
654 2956 766 3039 aliquo.

309 3156 371 3227 Cap.
390 3157 534 3211 CXXXVI.
557 3163 584 3209 io
606 3159 663 3213 ato.
680 3162 830 3228 inscriptum
850 3168 887 3210 est
905 3157 945 3211 Da
968 3173 1095 3211 naurire
1119 3174 1190 3211 rora
1214 3174 1352 3215 nonensis.
1372 3188 1404 3199 ·—

243 3229 266 3281 l.
282 3227 369 3295 Moysi
386 3226 417 3279 B.
432 3227 501 3279 Mosi
518 3228 617 3296 reliqui.
668 3226 693 3279 2.
710 3243 740 3279 ae
753 3228 788 3281 A.
839 3226 864 3280 3.
876 3233 917 3280 est
928 3227 955 3279 ln
966 3227 1028 3295 lege
1040 3244 1086 3281 om.
1100 3226 1141 3280 ot.
1154 3231 1195 3279 ost
1205 3225 1233 3279 in
1244 3227 1269 3278 le
1291 3232 1404 3282 sautem

259 3301 333 3347 ostea
349 3295 384 3347 A.
435 3296 459 3346 4.
477 3297 572 3348 oblitus
589 3296 674 3363 inquit
690 3295 807 3348 mandati
822 3295 857 3348 Α.
908 3294 933 3348 5.
950 3295 1022 3347 euius
1040 3310 1093 3346 non
1108 3295 1143 3349 Α.
1200 3294 1254 3348 aa
1282 3297 1364 3351 utaris
1381 3296 1402 3352 1.

240 3312 265 3416 1l.
277 3364 319 3417 sui
330 3364 472 3433 posteriA.
525 3363 549 3416 8.
560 3364 647 3434 Moysi
659 3363 692 3418 B.
704 3364 774 3417 Mosi
784 3365 883 3435 reliqui.
937 3364 961 3418 9.
974 3363 1110 3416 salvatoris
1123 3363 1157 3418 A.

242 3571 363 3640 exempla
382 3569 517 3638 vulgatam
537 3569 690 3638 scripturam
710 3568 797 3622 deien-
847 3568 916 3622 lendi
933 3568 973 3650 dei
990 3569 1118 3621 rationem
1134 3568 1213 3621 ivisse
1229 3568 1404 3625 instauratum

242 3641 313 3694 dunt.
849 3654 878 3690 ac
890 3643 1048 3692 restitutum.
1082 3637 1141 3701 (F.)

276 3708 337 3778 Cap.
351 3705 495 3761 CXXXVI.
504 3736 537 3746 -
546 3722 569 3759 a.
582 3704 733 3757 mandatnm
744 3723 797 3758 non
882 3707 907 3759 h.
925 3707 1050 3775 scriptum
1067 3712 1107 3758 est
1122 3706 1150 3758 in
1161 3705 1231 3775 lege]
1249 3704 1326 3761 Dent.
1339 3706 1404 3761 11111.

242 3794 299 3858 esse
322 3775 511 3846 accipiendum]
540 3774 693 3828 Mandatum
713 3773 798 3826 Phila·
852 3775 957 3827 11-19.
992 3773 1050 3838 (F.)
1097 3842 1103 3854 ι
1179 3842 1185 3855 ·
1354 3845 1361 3858 .

241 3841 798 3990 rraar{restaurasset
848 3841 1405 4031 olyrarluuyarprtrrr

242 3979 797 4118 atta?’titttttthtttttttz
847 3975 1405 4117 rttttltttttttttlltttlttt

243 4117 313 4169 chae.
331 4118 395 4169 Vide
409 4134 474 4187 quae
487 4133 565 4186 supra
577 4131 633 4185 cap.
642 4115 698 4169 109.
702 4134 731 4196 p.
739 4115 796 4168 2⁶24.
847 4133 865 4166 r.
882 4114 981 4182 οφήταις
992 4112 1044 4165 ἰδοὺ
1054 4112 1175 4184 septum
1191 4114 1309 4169 Eundem
1318 4117 1406 4172 loonm

242 4184 279 4236 Ae
292 4183 397 4252 pulchre
409 4187 529 4238 observat
541 4184 633 4264 eapti.
651 4185 709 4236 librr
720 4185 797 4254 primi
848 4134 956 4234 ahduxit
966 4189 1055 4236 nostor
1067 4200 1147 4254 snpra
1163 4200 1186 4237 e.
1199 4182 1257 4240 108.
1269 4201 1332 4255 pag.
1345 4185 1404 4242 215.

243 4253 797 4324 DemonstrationisEvangelrcaellusebina,
848 4251 953 4318 (Febr.)

243 4325 270 4373 at
280 4320 380 4387 Moysis
396 4322 481 4390 legem
496 4323 560 4375 illud
577 4320 727 4393 patriarchis
739 4338 798 4390 pro·
881 4319 906 4373 d.
923 4320 1048 4387 Maiores]
1067 4320 1106 4374 cf.
1118 4320 1187 4374 infra
1197 4336 1254 4391 cap.
1271 4320 1328 4375 138.

243 4390 335 4443 batum
347 4389 497 4443 mandatum
513 4407 731 4460 praesupponere‚
749 4389 798 4442 illi-
883 4403 906 4442 e.
919 4389 1070 4442 ammonitio
1080 4406 1184 4443 rursum
1192 4390 1295 4459 literae]
1306 4391 1404 4446 Moni-

246 4473 297 4527 qne
307 4457 379 4508 volut
391 4464 591 4526 superstructum
603 4475 672 4511 esse:
689 4464 715 4510 et
726 4457 799 4511 Chri·
849 4472 895 4508 eae
906 4456 982 4527 legis.
1016 4458 1073 4522 (F.)

247 4532 316 4578 stum
340 4524 469 4594 abrogata
487 4527 547 4596 lege
566 4527 724 4580 cerimoniali
742 4527 799 4581 Mo·
881 4524 900 4578 f.
918 4525 1117 4594 inabseondito]
1135 4526 1234 4598 Typieo
1242 4529 1405 4600 mysticoque

247 4594 324 4660 saioa,
335 4594 408 4647 illam
416 4593 799 4664 patriarcharumritametee·
850 4609 938 4650 sanan.
973 4594 1030 4659 (F.)
