3046 5124
550 284 637 326 LIBER
648 284 758 326 PRMJS-
1169 284 1229 349 241

70 445 120 507 tes
141 441 313 522 convertit,
334 443 368 505 in
387 460 491 505 errore
509 460 583 506 vero
603 446 837 526 perseverantes
859 443 1009 524 perpetua
1030 440 1191 504 sanctione
1213 460 1232 501 a

71 545 290 609 communione
304 544 448 628 privavit.

132 644 294 711 Vicesima
307 650 340 709 11
353 647 463 730 quinta
478 644 615 709 haeresis
630 651 679 710 est
693 646 904 726 Tatianorum,
919 665 938 708 a
951 643 1082 708 Tatiano
1096 643 1232 728 quodam
1249 654 1299 704 trr-
1312 651 1376 693 xxv·

68 749 228 830 instituta,
243 749 296 832 qni
311 753 343 811 et
355 747 533 812 Eneratitaa
548 747 696 833 appellati
712 754 794 812 sunt.
817 747 857 811 Hi
869 749 994 832 nuptias
1007 747 1167 827 damnant,
1182 753 1229 810 at·

69 870 131 935 qua
151 851 280 916 omnino
298 871 389 936 pares
410 871 463 914 eas
482 851 738 915 fornicationibus
763 849 894 933 aliisque
915 850 1162 935 corruptionibus
1183 848 1230 913 fa·

70 954 176 1035 ciunt,
196 973 254 1018 neo
274 955 430 1038 recipiunt
449 955 483 1017 in
504 974 560 1017 suo
575 972 704 1017 numero
720 954 863 1034 coniugio
883 958 1024 1016 utentem
1048 972 1167 1016 marem
1181 950 1231 1016 vel

68 1054 233 1121 seminam.
270 1055 340 1119 Non
354 1062 524 1120 vescuntur
538 1057 700 1136 carnibus,
720 1074 833 1138 easque
856 1057 981 1119 omnino
1003 1054 1230 1119 abominantur.
1312 1040 1316 1045 ’

70 1156 190 1223 Contra
207 1156 265 1222 hoa
285 1159 424 1242 suscepit
443 1164 571 1222 sanctus
584 1157 778 1243 Epiphanius
794 1158 934 1241 Ancyrae
951 1156 1089 1221 Galatiae
1111 1160 1231 1241 episco-

68 1278 142 1347 pua,
156 1259 309 1325 obiiciens
325 1262 370 1324 eis
384 1259 490 1324 ¹Pauli
504 1260 635 1345 apostoli
651 1259 816 1345 epistolam
830 1260 869 1323 ad
881 1260 1078 1324 Timotheum
1089 1262 1232 1344 primam,

70 1382 108 1427 11
122 1360 208 1446 qnod
221 1360 358 1426 habeant
373 1364 574 1427 canteriatam
588 1364 827 1444 conscientiam,
846 1361 1047 1446 prohibentes
1069 1363 1186 1427 nubere
1201 1368 1233 1424 et

69 1462 230 1530 abstinere
246 1463 393 1529 docentes
409 1487 428 1529 a
443 1465 521 1528 cibis
537 1486 614 1549 quos
630 1464 706 1529 deus
727 1467 844 1528 creavit
859 1464 898 1528 ad
913 1464 1147 1551 percipiendum
1162 1484 1233 1529 oum

69 1568 242 1651 gratiarum
256 1568 379 1632 actione
394 1566 539 1631 fidelibus
554 1567 650 1631 ethis
665 1570 719 1651 qui
735 1573 947 1650 cognoverunt
961 1570 1138 1631 veritatem:
1161 1568 1233 1651 qnia

70 1669 174 1734 omnis
194 1674 336 1733 creatura
355 1668 405 1733 dei
426 1670 508 1734 bona
522 1674 585 1750 est,
606 1675 638 1732 11
657 1668 736 1733 nihil
751 1670 962 1734 abiiciendum
978 1670 1061 1754 qnod
1077 1691 1148 1734 eum
1162 1691 1231 1752 gra·

69 1772 186 1835 tiaram
208 1772 330 1835 actione
351 1774 531 1857 percipitur.
568 1772 787 1836 Sanctificetur
809 1774 894 1836 enim
914 1792 970 1857 por
988 1773 1120 1838 verbum
1136 1773 1187 1836 dci
1202 1779 1234 1835 et

71 1876 255 1939 orationem.
278 1872 484 1937 Abstinentes
500 1880 603 1937 antem
615 1882 738 1939 nostros
751 1873 919 1939 catholicos
930 1874 1047 1939 idcirco
1059 1875 1232 1957 laudamus,

70 1972 165 2062 ‘quia
179 1996 243 2040 non
260 1977 420 2060 accipiunt
434 1976 535 2058 cibos,
556 1979 645 2060 quasi
665 1977 716 2060 qui
739 1977 846 2042 dicant
864 1976 981 2040 malum
997 1997 1066 2041 esse
1081 1980 1232 2062 accipere,

71 2077 128 2145 aed
142 2076 262 2143 bonum
277 2077 387 2143 dieunt
400 2085 433 2142 et
447 2081 609 2163 optimum,
624 2080 706 2163 quod
718 2100 751 2143 11
766 2084 911 2144 11111111
921 2098 989 2143 1111
1005 2080 1044 2144 ad
1055 2082 1232 2164 percipien-

71 2180 148 2247 dum
167 2179 322 2263 indignos.
369 2180 420 2246 Sic
443 2181 479 2245 fit
497 2187 533 2245 ut
554 2188 586 2245 11
603 2180 681 2245 illud
701 2188 853 2246 statutum
871 2181 1004 2266 apostoli
1023 2187 1233 2262 conservetur,

71 2284 157 2371 qnod
172 2286 232 2366 ait,
252 2281 344 2348 ³Noa
357 2284 554 2349 manducares
567 2285 809 2350 manducantem
827 2306 890 2348 aea
904 2285 1035 2367 iudicet,
1057 2296 1086 2348 et
1098 2285 1232 2348 accade-

70 2410 148 2453 crmc
162 2408 227 2451 aea
239 2387 480 2450 ccoadeecntom
494 2409 557 2450 noc
570 2399 707 2473 apemot.
729 2387 799 2451 Non
815 2389 899 2450 enim
913 2393 1086 2451 creaturam
1097 2392 1233 2467 accusat,

70 2488 128 2557 aed
149 2509 184 2555 11
205 2509 274 2554 1111
288 2488 385 2553 talem
405 2491 587 2575 pronuntiat
607 2489 680 2574 ⁴qui
696 2509 729 2553 se
745 2488 828 2554 dieat
845 2489 938 2554 huius
954 2489 1054 2576 epulis
1069 2491 1155 2553 refici
1169 2509 1233 2553 non

68 2593 194 2659 mereri.

132 2694 293 2760 Vicesima
314 2699 449 2773 etsexta
462 2693 601 2759 haeresis
621 2694 830 2779 cataphryges
852 2697 911 2761 orti
926 2702 1009 2777 sunt,
1030 2697 1083 2779 qui
1101 2695 1160 2759 hoc
1176 2716 1232 2759 no··
1251 2697 1302 2748 c³²1¹·
1316 2697 1390 2736 Xffl·

68 2818 145 2865 men
159 2818 180 2862 a
193 2799 355 2882 provincia
374 2818 438 2861 non
453 2818 472 2860 a
487 2796 630 2880 dogmate
646 2798 898 2883 adsumpserunt.
935 2798 1072 2875 Quomm
1092 2803 1233 2863 auctores

69 2902 199 2967 tuorum
211 2899 393 2981 Montanus,
412 2900 521 2964 Prisca
535 2905 567 2963 et
580 2899 759 2965 Maximilla.
796 2901 838 2966 Hi
858 2903 962 2984 itaque
978 2900 1148 2965 adventum
1168 2903 1232 2986 spi-

69 3006 150 3069 ritus
173 3004 275 3067 sancti
291 3023 310 3066 a
324 3002 449 3067 domino
469 3005 658 3087 promissum
679 3005 713 3067 in
733 3024 766 3067 11
787 3005 891 3088 potius
914 3024 1008 3087 quam
1028 3006 1062 3068 in
1084 3004 1233 3089 apostolis

69 3106 169 3171 inisse
189 3104 341 3169 adserunt
360 3104 525 3170 redditum.
569 3105 730 3170 Secundus
752 3107 876 3190 nuptias
896 3127 953 3195 pro
976 3106 1233 3172 fornicationibus

70 3206 207 3291 habent,
228 3212 260 3272 11
280 3207 350 3272 ideo
367 3207 475 3272 dieunt
490 3229 542 3272 eas
558 3211 738 3294 permisisse
753 3207 927 3294 apostolum
941 3209 1088 3293 Paulum,
1109 3212 1182 3293 quia
1196 3232 1232 3274 ex

69 3316 160 3399 parto
176 3310 296 3375 sciebat
310 3317 342 3374 11
356 3330 395 3374 ex
408 3316 497 3395 parte
513 3311 729 3396 prophetabat.
752 3310 897 3376 Nondum
912 3313 996 3377 enim
1007 3319 1137 3377 venerat
1152 3313 1234 3396 quod

69 3414 246 3501 perfectum
261 3419 318 3477 est.
351 3413 417 3477 Hoc
433 3418 538 3477 autem
551 3414 727 3498 perfectum
741 3416 774 3476 in
789 3412 971 3479 Montanum
987 3421 1019 3478 et
1031 3418 1065 3479 in
1081 3418 1147 3479 eius
1162 3436 1233 3499 pro·

69 3514 240 3603 photissas,
255 3536 333 3601 quas
348 3536 443 3601 snpra
458 3515 604 3598 diximus,
618 3517 742 3580 venisse
759 3515 904 3580 delirant.
929 3517 1087 3582 Hactenus
1103 3518 1233 3581 dixerim

70 3617 112 3686 de
126 3618 340 3704 cataphrygis.
379 3618 489 3683 Cetera
503 3639 582 3702 quac
598 3618 746 3683 dicuntur
760 3621 850 3703 quasi
864 3621 984 3684 ineerta
997 3626 1172 3705 praetereo,
1195 3619 1233 3682 de

69 3722 202 3787 infantis
217 3724 367 3805 sanguine
388 3742 441 3786 eos
464 3724 621 3806 accipere3
645 3721 728 3805 quod
747 3722 817 3787 ideo
839 3721 988 3804 dicimus,
1014 3743 1053 3785 ne
1073 3722 1234 3786 videamur

69 3826 214 3908 ignorare
229 3826 335 3889 omnia
349 3845 428 3909 quae
445 3824 483 3888 de
499 3827 544 3889 eis
560 3826 715 3889 dicuntur.
743 3826 784 3890 Hi
799 3827 883 3889 enim
899 3827 952 3909 qui
967 3829 1075 3888 contra
1088 3845 1140 3887 eos
1156 3826 1232 3887 scri-

70 3933 214 4013 pserunt,
227 3926 307 3991 nihil
320 3926 393 3991 hino
408 3930 533 4011 penitus
544 3932 766 3992 memorarunt.
789 3927 922 4012 Scripsit
936 3931 1045 3991 contra
1055 3947 1108 3990 eos
1119 3926 1233 3991 librum

71 4036 202 4097 1111111
227 4028 335 4097 181111
359 4051 442 4115 papa
464 4031 573 4113 Urbis,
599 4035 632 4095 et
653 4029 838 4115 Apollonius
862 4028 1067 4114 Ephesiorum
1092 4031 1232 4094 antistes.

123 4217 187 4288 Gap.
198 4216 284 4272 XXV.
295 4248 329 4256 -
343 4218 366 4271 1.
379 4217 398 4269 I.
411 4215 522 4270 Timoth.
534 4216 577 4282 IV,
590 4216 663 4269 2-5.
717 4218 740 4269 2.
753 4217 877 4286 quianon
889 4215 944 4269 MS.
958 4217 1035 4282 Aug,
1047 4216 1106 4269 111.
1118 4216 1150 4269 B.
1164 4216 1233 4270 Cote-

71 4288 119 4340 Ier.
129 4286 206 4339 Euri.
220 4288 266 4341 Gr.
279 4286 389 4339 Monam.
398 4286 420 4348 J,
453 4285 522 4337 w.
552 4286 597 4337 uia
609 4284 712 4355 quande
724 4285 831 4337 nonMa.
843 4283 1041 4345 Rem.,Dunene.
1054 4294 1078 4335 et
1089 4287 1145 4340 edd.
1156 4285 1232 4337 Sirm.

73 4356 199 4409 octana.
251 4353 400 4406 altomx
437 4352 480 4417 ,3.
532 4302 556 4406 d
569 4355 613 4423 qui
624 4354 680 4405 MS.
693 4356 775 4420 Aug,
792 4362 816 4404 et
827 4352 850 4405 I.
865 4352 897 4404 Β.
911 4351 1015 4404 Coteler.
1032 4353 1049 4404 l.
1061 4354 1094 4415 1,,
1112 4370 1164 4423 quo
1177 4353 1230 4407 MS.

71 4424 153 4486 Rem„
164 4432 189 4475 et
199 4424 257 4477 edd.
268 4422 345 4475 Sirra.
362 4423 484 4472 Gullaarl.

121 4490 187 4562 Gap.
198 4491 295 4545 XXVI.
308 4520 341 4530 -
366 4490 388 4543 l.
402 4491 525 4540 Auctoris
536 4494 616 4543 noan-i
626 4492 789 4543 testimoninm
806 4490 837 4540 dc
851 4489 938 4542 Sedere
954 4491 1077 4543 adversus
1089 4491 1155 4544 Cata
1175 4491 1232 4560 hry-

71 4578 123 4630 911
136 4560 264 4613 Mente
276 4560 405 4628 probatur
422 4559 551 4610 Doduello
566 4562 594 4608 a'n
610 4559 750 4611 Dicaertat.
765 4559 857 4624 singul.
874 4560 906 4610 dc
920 4557 1034 4611 Susam.
1051 4561 1121 4614 Ham.
1137 4510 1231 4627 Iddntis.

1003 4643 1032 4695 16
