3046 5124
551 230 759 281 susurramus.
1169 243 1230 307 247

73 398 114 461 tis
127 394 504 479 latebra,Par1nenianos
518 417 538 460 a
552 397 772 479 Parmenione,
787 398 841 479 qni
854 416 911 481 per
925 399 1024 461 totam
1037 395 1177 461 Africum
1190 395 1229 460 li·

72 498 146 563 bros
168 504 279 564 eontra
300 519 358 562 nos
381 500 550 563 conficiens
573 506 605 562 et
626 519 723 562 novos
745 497 881 582 psalmos
902 498 1020 561 faciens
1037 498 1230 569 circumibat,

72 605 291 685 contraquam
306 608 413 665 noster
427 603 553 685 scripsit
569 600 709 684 Optatus.
733 600 795 664 Sed
807 601 970 664 redeamus
982 599 1021 663 ad
1036 597 1228 664 ⁸Panlianos.

72 701 228 767 Omnibus
242 709 351 767 notnrn
367 708 415 765 est
428 724 485 766 nos
500 702 673 766 haereticos
690 705 851 766 verriontcs
866 723 929 766 non
945 701 1152 784 rebaptizare,
1175 702 1230 766 sed

69 825 201 870 manum
217 804 479 869 reconciliationis
495 805 660 887 accedero,
681 812 713 868 et
733 808 776 868 ita
791 805 895 869 divino
910 803 1024 889 populo
1039 803 1163 867 tradere
1178 825 1228 869 so-

71 905 211 973 ciandos.
248 907 294 970 Dc
308 906 467 970 Paulianis
483 913 588 971 autem
608 906 870 990 sanctasynodus
885 904 1096 970 Nioaenaboc
1113 909 1228 970 consti·

69 1010 143 1090 tnit,
157 1014 194 1073 ut
207 1029 333 1094 prorsus
349 1010 556 1094 baptizentur,
572 1015 604 1072 et
617 1013 661 1073 its
677 1010 801 1074 demum
818 1008 968 1073 catholico
980 1006 1094 1092 populo
1106 1010 1228 1072 socien-

69 1116 132 1175 tnr.
153 1110 246 1175 Unde
262 1131 318 1193 ego
335 1112 427 1177 credo
441 1112 578 1193 regulam
592 1133 644 1176 eos
657 1113 855 1196 baptismatis
866 1115 1020 1194 integram
1032 1131 1094 1175 non
1105 1116 1228 1176 tenere:

70 1218 104 1277 ct
116 1212 189 1278 ideo
204 1212 263 1277 hoe
278 1213 438 1278 decretum
453 1236 472 1278 a
487 1214 602 1277 Christi
616 1215 815 1298 pontificibus
831 1216 1042 1278 constitutum.

135 1315 379 1397 Quadragesima
394 1323 425 1379 et
440 1319 550 1399 quinta
564 1316 701 1380 haeresis
716 1317 971 1382 Photinianorum
993 1321 1040 1378 est
1055 1335 1074 1378 a
1087 1312 1228 1397 Photino,
1247 1329 1297 1380 Cau
1311 1329 1372 1368 XLV-

69 1436 166 1501 quem
181 1419 226 1480 sic
247 1418 311 1481 dixi
333 1426 474 1482 nostrum
497 1421 678 1502 episcopum
699 1419 812 1500 luisse,
832 1421 914 1482 sicut
935 1418 994 1481 luit
1015 1423 1122 1481 noster
1135 1417 1228 1482 ludas

70 1517 229 1585 Senriotes
244 1520 411 1604 apostolus.
448 1522 507 1584 llic
528 1542 617 1584 suum
634 1522 784 1605 populum
799 1523 883 1584 fecit.
920 1521 1087 1584 Hominem
1102 1519 1228 1602 quidem

69 1641 184 1707 purum
198 1621 295 1686 luisse
311 1623 468 1686 Christum
484 1623 625 1702 docebat,
641 1630 672 1685 et
686 1624 813 1688 allaria
829 1625 968 1706 coepisse
981 1643 1052 1686 eum
1062 1620 1157 1685 Paulo
1171 1621 1226 1685 Sa·

69 1729 211 1789 mesateo
227 1724 396 1805 sentiebat,
416 1725 472 1789 sed
493 1728 637 1809 spiritum
657 1732 799 1789 sanetum
820 1746 943 1809 semper
962 1725 1058 1787 fuisse
1072 1744 1226 1788 memora·

71 1825 135 1909 bat,
150 1826 209 1890 hoo
225 1827 326 1890 solum
341 1827 595 1910 quadragesimae
611 1834 737 1911 quartae
753 1828 873 1892 haeresi
890 1825 1063 1908 dissimilia,
1079 1826 1160 1909 quod
1171 1847 1227 1909 po·

69 1927 177 2016 pulum
194 1949 261 1992 aso
277 1950 456 2012 perversum
473 1951 528 1994 suo
544 1932 669 1994 nomine
684 1932 884 2015 nuncupavit.

134 2031 378 2114 Quadragesima
401 2039 541 2095 etsexta
560 2032 698 2096 haeresis
719 2034 842 2096 allans
862 2030 1009 2095 inchoata
1028 2030 1226 2096 llanichaeo-
1247 2043 1297 2092 Car>-
1312 2043 1387 2083 xuvl·

69 2153 140 2199 rum
156 2134 392 2198 contubernium
409 2134 493 2198 sccii.
529 2134 588 2198 llic
604 2135 722 2214 Manes,
744 2156 814 2199 cum
830 2140 913 2197 esset
929 2136 1005 2198 civis
1020 2134 1128 2214 Persa,
1148 2138 1227 2198 etin

70 2234 200 2303 Perside
217 2234 332 2300 docens
348 2258 382 2299 se
398 2235 573 2321 apostolum
588 2236 638 2300 (lei
655 2237 783 2317 diceret,
799 2239 893 2300 etiam
905 2236 945 2299 ad
958 2238 1121 2299 Graeciam
1133 2235 1226 2300 devo·

69 2336 156 2405 lutus
172 2344 229 2401 est
260 2340 358 2416 Quem
375 2340 484 2403 Graeci
501 2338 645 2423 discipuli
661 2341 738 2420 eius,
755 2339 930 2402 devitantes
945 2359 1060 2402 nornen
1075 2338 1227 2420 insaniae,

70 2439 312 2507 ¹Manniohoum
326 2444 429 2505 vocari
446 2441 667 2522 decreverunt,
687 2441 720 2505 id
735 2448 784 2505 est
799 2441 886 2525 quasi
903 2462 1019 2504 manna
1033 2440 1226 2506 fundentem.
1255 2455 1258 2461 '

68 2542 134 2609 Iste
149 2542 210 2607 duo
231 2543 385 2628 principia
406 2545 487 2606 ini-er
506 2564 540 2606 se
556 2543 679 2607 diversa
695 2549 726 2607 et
745 2543 877 2608 adversa
903 2543 1073 2627 eademque
1100 2550 1227 2608 aeterna

70 2652 103 2711 nt
117 2651 300 2725 coaeterna,
320 2645 378 2708 hoc
395 2652 443 2708 est
461 2667 586 2730 semper
600 2646 712 2728 fuisse,
733 2649 920 2731 composuit,
940 2646 1078 2729 duasque
1099 2653 1226 2710 naturas

69 2753 164 2832 atque
180 2748 383 2828 substantias,
399 2748 473 2812 boni
488 2749 608 2811 scilieet
620 2755 651 2811 et
661 2748 746 2828 mali,
761 2770 895 2832 sequens
907 2748 984 2812 alios
996 2749 1139 2833 antiquos
1150 2747 1225 2813 hae-

68 2850 185 2915 reticos
200 2852 344 2934 opinatus
361 2857 417 2913 est.
456 2851 592 2927 Quorum
612 2853 692 2914 inter
707 2871 741 2914 se
762 2871 896 2935 pugnam
918 2858 948 2915 et
964 2853 1226 2934 commixtionem,

68 2951 191 3017 utboni
207 2952 320 3016 amalo
336 2956 566 3036 purgationem,
587 2960 618 3017 et
633 2954 705 3017 boni
721 2952 803 3036 quod
822 2954 947 3034 purgari
962 2975 1025 3017 non
1039 2956 1140 3038 potuit
1154 2976 1226 3019 erun

67 3053 151 3120 malo
167 3056 200 3117 in
215 3061 377 3118 aeternum
393 3055 641 3137 damnationem,
662 3054 834 3119 seeundum
856 3076 912 3119 sua
932 3054 1076 3137 dogmata
1095 3057 1225 3123 adseue—

67 3161 176 3223 rantes
194 3156 295 3220 multa
314 3157 507 3238 fabulantur,
527 3178 605 3241 quae
628 3164 741 3222 cuneta
760 3160 899 3222 intexere
913 3161 1007 3223 nimis
1026 3157 1152 3242 longum
1168 3168 1224 3225 est.

66 3258 186 3325 Dicunt
201 3261 321 3323 animas
338 3261 435 3325 bonas
452 3267 483 3323 et
498 3260 638 3324 eiusdem
654 3262 741 3324 errius
754 3266 801 3323 est
816 3260 893 3324 deus
909 3282 977 3325 esse
989 3267 1127 3326 naturae.
1148 3264 1223 3328 Pro·

67 3361 142 3427 inde
157 3361 309 3425 mundum
324 3383 343 3424 a
357 3368 468 3425 natura
484 3364 566 3442 boni,
581 3362 640 3426 hoo
657 3370 705 3425 est
719 3384 738 3425 a
752 3369 862 3426 natura
878 3362 929 3428 dei
942 3366 1060 3430 luctuum
1072 3367 1223 3431 confiten-

66 3470 119 3529 tur
130 3463 267 3548 quidem,
283 3463 338 3527 sed
351 3464 389 3528 de
403 3465 621 3529 commixtione
634 3465 708 3529 boni
720 3472 751 3528 et
762 3465 845 3547 mali,
858 3488 936 3550 quae
948 3469 1031 3532 facta
1043 3475 1091 3532 est
1101 3470 1223 3552 qnando

67 3569 200 3633 interae
217 3572 347 3649 utraque
362 3573 473 3631 natura
487 3569 643 3649 pugnavit.
674 3568 779 3650 Ipsam
799 3589 871 3633 vero
887 3571 960 3635 boni
976 3591 995 3634 a
1013 3570 1095 3635 mulo
1111 3589 1222 3653 purga-

66 3672 187 3735 tionem
201 3691 238 3733 ae
254 3668 470 3733 liberationem
486 3691 548 3733 non
563 3669 664 3734 solum
678 3688 735 3754 per
749 3677 850 3736 totum
863 3673 1014 3737 mundum
1029 3672 1110 3735 etde
1122 3676 1222 3737 omni·
1280 3712 1283 3719 ·

67 3772 127 3839 bns
148 3774 215 3836 eius
238 3772 401 3836 elementis
417 3773 564 3835 uirtutem
579 3771 629 3836 dei
649 3774 752 3838 facere
774 3773 897 3857 dicunt,
917 3777 1139 3839 verumetiam
1159 3775 1221 3839 elo-

67 3881 136 3941 ctos
151 3894 224 3938 suos
239 3892 296 3957 per
311 3875 459 3939 alimenta
470 3895 548 3958 quae
561 3882 697 3940 sumunt.
726 3876 765 3940 Et
777 3880 821 3941 eis
833 3880 947 3961 quippe
959 3876 1126 3960 alimentis,
1141 3881 1222 3943 sicut

116 4092 142 4147 3.
154 4092 331 4147 Paullinianes
344 4094 397 4147 MS.
410 4096 477 4162 Aug.
500 4095 552 4147 Sed
567 4099 660 4146 rectius
677 4101 714 4148 uti
730 4113 770 4159 ue,
793 4117 810 4148 a
825 4096 917 4148 Paullo
933 4098 1032 4149 scilieet
1046 4096 1221 4163 Samoacteuo,

64 4160 228 4225 Paullianos,
246 4172 272 4213 ut
283 4173 307 4214 et
322 4164 478 4230 Augustinus
495 4165 537 4215 uu.
550 4166 580 4215 de
597 4115 753 4217 Haeresidus
770 4167 806 4216 ad
824 4165 1031 4228 Quodsudcleum
1049 4183 1079 4217 ec
1095 4186 1140 4235 quo
1157 4169 1220 4220 Illuc

66 4228 248 4314 innocuorum
261 4230 396 4283 haereseon
409 4236 594 4283 errarratr'onem
605 4251 685 4301 prope
702 4235 739 4285 ad
753 4232 852 4284 verbam
864 4237 997 4302 exscripsit
1008 4243 1097 4287 auctor
1107 4236 1221 4289 Praeda·

65 4297 329 4437 'unddplglllllldssl
355 4367 375 4419 l.
388 4365 570 4420 Manniehanm
582 4372 717 4438 rescripsit
727 4367 867 4421 Fabricius
878 4368 946 4424 Bibl.
961 4372 1007 4426 Gr.
1020 4381 1076 4427 tom.
1089 4373 1150 4444 Lp.
1165 4373 1219 4429 171.

64 4435 364 4557 ἕλῗθῖζὶαξὲφαετὲη.
382 4444 407 4486 et
416 4434 524 4489 Haeres.
540 4455 598 4507 cap.
611 4437 653 4489 au.
670 4434 852 4491 Manichaeum
863 4437 936 4494 MSS.
950 4441 1016 4510 Aug.
1028 4442 1111 4506 Rana,
1128 4451 1153 4496 et
1163 4445 1219 4496 edd.
