3046 5124
456 338 496 380 DE
509 338 687 381 maneamus
701 338 847 380 unauna.
1167 339 1229 406 319

67 501 198 581 gerunt,
219 496 358 582 recipere
381 494 522 561 nolentes
545 496 585 561 ab
608 494 759 561 ecclesiae
782 495 1000 560 communione
1022 499 1229 559 recesserunt.

64 597 163 669 Extat
177 598 327 664 adversus
343 619 396 663 eos
412 598 553 682 dialogus
568 599 651 663 boati
666 600 864 683 Hieronymi,
880 600 933 682 qui
946 597 1124 664 intitulatur
1136 596 1230 662 Luci·

66 701 182 767 fotiani
196 708 228 766 et
242 701 423 767 Orthodoxi.
648 687 650 691 ’

131 804 346 890 ffllustathioni
361 804 526 887 aquodam
537 804 698 868 llustathio
710 807 881 889 nuncupati
893 824 1001 868 omnes
1009 804 1134 888 nuptias
1143 800 1230 866 dem-
1249 817 1299 869 ear·
1310 815 1385 857 xm

66 913 235 988 naverunt,
249 907 332 971 unde
347 913 379 970 et
394 910 506 972 missas
521 905 790 993 ²presbyterorum
805 913 877 971 ante
893 928 999 971 sacros
1015 905 1139 970 ordines
1155 926 1230 969 cou-

66 1011 244 1094 iugatorum
258 1016 458 1095 spreverunt:
475 1016 582 1074 contra
598 1030 674 1094 quos
691 1010 882 1074 celebratum
898 1016 947 1074 est
962 1011 1140 1093 Gangreuse
1156 1028 1230 1072 cou-

68 1111 188 1179 cilium.
404 1192 409 1202 ,

131 1216 252 1281 Horum
267 1220 298 1277 et
313 1236 420 1280 eorum
442 1236 519 1299 quos
541 1237 635 1300 supra
655 1214 791 1279 diximus
811 1215 978 1279 ¹Tatianos
1000 1221 1032 1279 et
1045 1214 1230 1280 Severianos
1249 1228 1299 1279 car·
1312 1227 1399 1268 mn·

66 1318 326 1385 immoderantiae
342 1318 480 1382 medium
495 1317 635 1383 volentes
646 1319 878 1400 lovinianistae,
893 1340 913 1381 a
924 1317 1060 1401 quodam
1070 1316 1230 1380 loviniauo

66 1419 223 1487 monacho
239 1419 326 1502 dicti,
343 1427 452 1485 contra
466 1441 559 1504 quem
570 1421 668 1484 fertur
680 1421 837 1503 egregium
849 1441 926 1504 opus
937 1421 1130 1504 Hieronymi,
1145 1438 1230 1483 asse·

67 1522 182 1589 rebant
196 1522 316 1586 nullam
330 1529 498 1608 nuptarum
519 1529 551 1587 et
565 1525 721 1604 virgiuum
741 1544 811 1586 esse
831 1522 1027 1605 distantiam,
1048 1521 1231 1605 nullumque

66 1625 153 1691 iuter
167 1624 362 1689 abstinentes
378 1631 409 1690 et
424 1625 612 1711 simpliciter
626 1626 788 1710 epulantes
804 1646 873 1689 esse
889 1626 1067 1691 discrimen.

131 1726 312 1793 Helvidiaui
333 1727 372 1792 ab
392 1727 536 1793 Helvidio
556 1730 725 1810 nominati,
746 1749 839 1813 quem
859 1735 890 1792 et
912 1727 1017 1813 ipsum
1038 1732 1232 1792 confutatum
1250 1742 1300 1792 cae·
1314 1741 1410 1782 nvm-

67 1829 203 1915 legimus
218 1829 387 1895 fortissimo
396 1833 512 1915 scripto
525 1830 607 1894 beati
616 1830 807 1915 Hieronymi,
823 1831 933 1925 dicunt
943 1837 1013 1916 post
1025 1836 1134 1895 natum
1142 1829 1231 1895 Chri-

69 1938 155 2000 stum
169 1932 247 1997 alios
262 1933 392 1997 blariam
408 1932 488 1997 filios
505 1936 542 2001 de
558 1933 624 1998 viro
639 1933 752 2019 Ioseph
767 1936 937 2019 peperisse.

130 2035 323 2118 Paterniani,
338 2058 357 2099 a
372 2036 508 2120 quodam
522 2036 654 2101 Paterno
671 2038 781 2118 exorti,
796 2036 958 2101 inferiores
974 2038 1111 2122 corporis
1126 2041 1232 2122 partes
1250 2050 1301 2102 Cara
1316 2050 1389 2092 xm

69 2120 227 2205 adiabolo
242 2138 340 2203 factas
356 2141 532 2223 opinantur.
1091 2157 1095 2164 ·

132 2241 272 2323 Arabici,
287 2244 459 2326 nuncupati
475 2243 513 2305 ab
530 2262 565 2305 eo
583 2241 664 2325 quod
679 2243 712 2304 in
728 2239 846 2305 Arabia
862 2241 960 2304 exorti
976 2248 1065 2323 sunt,
1086 2240 1234 2305 dicebant
1251 2256 1302 2304 ear.
1316 2257 1340 2296 L

71 2346 210 2410 animam
225 2364 296 2408 cum
313 2365 439 2430 corpore
454 2346 532 2407 mori
549 2349 640 2427 atque
656 2345 689 2406 in
701 2343 871 2408 novissimo
883 2350 1049 2428 utrumque
1062 2365 1231 2427 resurgere.

134 2447 458 2511 ¹Tessaresdecatitae
475 2447 551 2510 dicti
573 2447 655 2529 qnod
676 2451 786 2531 quarta
802 2445 925 2511 decima
939 2445 1014 2511 luna
1028 2448 1145 2532 pascha
1161 2468 1233 2512 cum
1255 2461 1305 2512 0⁸1³·
1319 2460 1354 2502 ιι

69 2548 194 2616 ludaeis
210 2549 440 2614 observandum
456 2548 657 2614 contendunt.

133 2653 306 2738 ¹Nyctages
328 2675 346 2716 a
367 2674 474 2717 somno
497 2655 685 2738 nuncupati,
706 2651 789 2736 quod
809 2650 931 2735 vigilias
951 2655 1053 2717 noctis
1073 2659 1233 2738 respuant,
1250 2668 1301 2718 cap.
1315 2667 1362 2708 UI-

69 2758 327 2843 superstitionem
343 2777 411 2819 esse
428 2757 568 2820 dicentes
584 2758 652 2818 iura
665 2761 819 2819 temerare
836 2753 956 2837 divina,
978 2754 1031 2839 qui
1051 2761 1177 2819 noctem
1192 2755 1232 2820 ad
1378 2754 1384 2767 '

69 2863 212 2946 requiem
228 2858 347 2922 tribuit.
384 2859 502 2923 Horum
517 2865 626 2922 auctor
639 2857 827 2941 Vigilantins
843 2858 911 2939 fuit,
927 2864 1035 2922 contra
1050 2879 1143 2942 quem
1158 2879 1231 2922 san·

70 2968 138 3028 ctus
153 2960 365 3044 Hieronymus
382 2960 522 3024 scribens
538 2963 641 3046 potius
662 2961 837 3025 vocandum
858 2966 965 3024 censet
978 2960 1231 3025 Dormitantium.

130 3063 304 3147 Pelagiani,
319 3086 337 3127 a
351 3064 473 3145 Pelagio
489 3063 641 3128 monacho
658 3065 766 3145 exorti,
780 3063 916 3128 liberum
931 3062 1095 3127 arbitrium
1108 3063 1231 3128 divinae
1252 3079 1303 3131 0²1³·
1317 3079 1375 3121 ΜΠ.

69 3167 187 3252 gratiae
199 3173 404 3250 anteponunt,
417 3166 555 3230 dicentes
568 3167 710 3230 sulficere
721 3165 915 3230 uoluntatem
927 3166 966 3230 ad
977 3166 1138 3251 implenda
1147 3169 1234 3232 iussa

70 3269 187 3337 diuina.
210 3270 299 3334 Hanc
316 3276 421 3333 autem
435 3269 579 3333 haeresin
596 3270 742 3333 videntur
756 3268 964 3354 assumpsisse
981 3290 1019 3333 ox
1031 3270 1163 3336 lectione
1176 3270 1231 3336 do-

71 3379 192 3440 ctorum
207 3373 328 3437 arbitrii
342 3373 518 3437 libertatem
535 3378 643 3437 contra
658 3372 895 3437 mathematicos
917 3380 948 3437 et
962 3373 1160 3438 Manichaeos
1177 3374 1231 3439 de-

70 3476 271 3543 fensantium.
300 3476 471 3560 Postquam
486 3497 558 3540 voro
574 3475 818 3561 praedestinatio
835 3475 959 3540 divinae
976 3479 1092 3559 gratiae
1105 3497 1161 3562 per
1176 3498 1231 3540 au-

71 3582 230 3646 ctoritates
251 3579 461 3643 Romanorum
480 3579 680 3664 pontificum,
700 3578 849 3643 videlicet
868 3580 1060 3661 Innocentii,
1087 3579 1232 3661 ¹Zosimi,

69 3680 224 3750 Bouiiacii
240 3689 271 3746 et
283 3680 462 3764 Caelestini,
477 3682 554 3746 item
568 3703 624 3768 per
637 3680 762 3746 decreta
773 3682 914 3748 Africani
927 3682 1062 3763 concilii,
1077 3702 1135 3745 neo
1151 3679 1232 3746 2ποη

137 3870 201 3941 Gap.
210 3868 301 3922 XLVI.
311 3900 344 3908 -
359 3869 379 3922 l.
390 3869 537 3922 llustasiani
546 3886 562 3921 a
571 3869 682 3938 quodam
691 3869 812 3923 Eustasio
822 3872 894 3922 codd.
921 3869 944 3921 2.
953 3869 1148 3938 presbytrorum
1158 3870 1230 3921 codd.

137 3940 201 4009 Cap.
212 3938 316 3992 XLVll.
328 3968 360 3976 -
381 3939 402 3989 l.
415 3940 530 3991 tacianos
543 3942 616 3993 codd.

137 4006 200 4078 Cap.
212 4007 252 4061 Ll.
265 4039 298 4046 -
318 4008 339 4058 l.
351 4004 620 4059 Thsesseresdecadite
633 4009 705 4060 codd.

137 4077 200 4146 Gap.
211 4076 263 4128 Lll.
276 4106 309 4114 —
330 4076 350 4127 l.
367 4074 507 4143 Hictauges
521 4079 593 4129 codd.
608 4077 783 4145 Reponeodnm
796 4085 857 4144 prato
869 4073 996 4143 Nyctaces
1009 4076 1048 4126 cel
1059 4072 1197 4142 Nystaces,
1216 4089 1232 4126 a

71 4143 276 4207 νυστάζωυενὸο.
302 4145 361 4194 Alii
373 4141 682 4205 colaernntNuore‘dovtee.
712 4146 857 4212 Gyllsidor.
881 4143 1032 4195 DeEeclce.
1047 4144 1119 4212 Offic.
1133 4142 1231 4196 11.22.

71 4211 940 4348 eald,titillantiillidit?tttlitllttltllt¹i
954 4211 1232 4332 stl’lllllttttt

288 4322 290 4327 ·
492 4320 498 4341 e
832 4317 835 4323 ¹
930 4320 936 4343 r
1222 4310 1231 4318 “

71 4368 137 4404 rem:
155 4352 199 4421 qui
217 4350 338 4402 haeretici
357 4350 454 4401 Graeco
472 4365 591 4400 sermone
607 4349 752 4417 Nyctages,
768 4347 816 4401 hoc
834 4354 874 4400 est
884 4349 1066 4413 somniculosi,
1084 4349 1232 4402 vocantur.”

62 4420 122 4472 ·Pro
135 4421 180 4489 qui
191 4425 293 4472 noctem
306 4419 338 4470 ad
350 4419 465 4485 requiem
477 4417 575 4479 tribuit,
581 4420 666 4484 facile
679 4427 716 4470 est
725 4435 846 4486 reponere
863 4433 929 4486 quae
945 4423 1049 4470 noctem
1066 4419 1098 4469 ad
1114 4419 1231 4488 requiem

71 4490 196 4553 tribuunt,
213 4491 265 4552 aed,
279 4497 349 4557 poto,
365 4491 475 4553 parasino
493 4487 562 4536 ardis
579 4496 603 4536 et
619 4486 661 4536 bic
680 4495 703 4537 ct
718 4491 745 4536 in
763 4486 861 4537 Isidori
871 4495 973 4553 utroque
985 4489 1039 4539 loco
1051 4496 1155 4539 serrata
1166 4492 1231 4538 scri-

68 4568 148 4627 ptura
161 4567 203 4620 eet,
249 4576 280 4607 oe
292 4557 409 4607 videlicet
415 4557 531 4623 postulat
538 4564 567 4604 nt
576 4573 606 4606 cx
615 4557 697 4606 verbis
707 4554 793 4606 divina
801 4555 857 4606 iura
865 4564 995 4623 repetebar
1003 4557 1150 4608 caccabulum
1159 4556 1230 4608 deus.

139 4625 200 4696 Cap.
235 4625 277 4678 lll,
291 4656 322 4663 -
344 4625 365 4678 l.
379 4623 477 4676 Zozimi
490 4625 562 4675 codd.
576 4670 579 4676 .
614 4622 639 4674 2.
649 4640 702 4676 nou
716 4625 915 4676 desideratores
928 4626 1000 4677 codd.
