3046 5124
255 353 317 419 308
677 353 809 397 ramosus
823 352 1005 397 srsransusrs

319 509 368 574 52.
391 509 574 574 Donatistae
589 531 608 575 a
621 510 743 575 Donato
759 510 895 595 quodam
913 512 989 579 Afro
1004 514 1200 597 nuncupati,
1221 516 1276 598 qui
1297 513 1336 579 de
1356 513 1419 579 Nu·

254 613 352 676 midia
367 615 496 677 sonions
517 619 615 678 totam
634 634 734 699 paone
755 614 895 679 Africam
917 636 975 680 sna
988 616 1191 700 persuasione
1207 615 1351 703 decepit,
1369 638 1419 682 as·

255 736 362 780 serens
377 718 531 781 minorem
545 722 633 801 patro
648 716 758 799 filium,
774 722 806 781 et
819 720 974 783 minorem
984 717 1048 784 fiho
1060 721 1208 805 spiritum
1217 726 1375 803 sanctum,
1390 727 1421 783 et

254 819 452 905 rebaptizans
468 819 646 884 catholicos.

317 922 367 986 53.
391 922 593 987 ¹⁵Bonosiani
613 922 769 987 aBonoso
792 922 927 1006 quodam
947 924 1093 1009 episeopo
1113 926 1213 991 exorti
1236 923 1421 1010 produntur,

255 1026 307 1107 qui
323 1024 482 1090 Christum
497 1024 597 1089 filium
613 1024 664 1089 dei
679 1025 872 1110 adoptivum,
887 1046 951 1091 non
966 1028 1127 1111 proprium
1141 1033 1301 1092 asserunt.

317 1127 367 1191 54.
391 1125 696 1192 ¹⁶Ciroumoolliones
718 1127 794 1192 dicti
816 1134 891 1192 sunt
912 1149 947 1194 oo
971 1128 1055 1212 qnod
1075 1135 1216 1212 agrestes
1231 1136 1323 1213 sunt,
1344 1151 1420 1215 quos

254 1230 413 1314 Cotopitas
432 1236 560 1312 vocant,
588 1230 785 1315 supradictae
813 1229 953 1296 haeresis
980 1229 1135 1296 habentes
1156 1229 1343 1298 doctrinam.
1381 1232 1421 1297 lli

254 1354 358 1398 amoro
373 1336 514 1417 martyrii
530 1335 716 1418 semetipsos
731 1334 906 1417 perimunt,
926 1339 961 1398 ut
976 1333 1128 1399 violenter
1144 1333 1183 1399 do
1198 1333 1260 1401 hac
1273 1337 1342 1401 vita
1356 1333 1419 1401 dis·

255 1437 401 1500 cedentes
416 1442 570 1519 martyres
585 1437 794 1500 nominentur.

316 1538 366 1602 55.
389 1538 647 1603 Priscillianistae
663 1559 682 1601 a
695 1535 891 1603 Priscilliano
908 1540 1021 1621 vocati,
1037 1541 1090 1624 qui
1104 1541 1137 1604 in
1152 1538 1310 1625 Hispania
1321 1560 1418 1605 exer-

252 1664 320 1707 rore
337 1644 556 1706 Gnosticorum
570 1649 603 1704 55
616 1638 868 1706 Manichaeorum
888 1641 1078 1725 permixtum
1099 1641 1213 1726 dogma
1233 1645 1417 1729 composuit.

290 1811 294 1817 ,
315 1744 366 1808 56.
389 1743 579 1808 Luciferiani
594 1764 613 1807 a
628 1743 770 1808 Lucifero
792 1745 939 1828 episcopo
957 1742 1151 1811 llSardiniae
1172 1746 1249 1827 orti,
1269 1748 1326 1830 qui
1344 1767 1418 1812 eon·

252 1854 300 1911 tra
312 1850 474 1932 episcopos
487 1845 667 1928 catholicos,
683 1847 735 1930 qui
747 1845 923 1911 Constantii
933 1848 1151 1932 persecutione
1163 1847 1318 1932 perfidiae
1329 1850 1417 1914 Aria·

252 1971 363 2014 norum
379 1952 611 2014 consentientes
627 1955 732 2031 erant,
748 1955 780 2012 et
794 1955 903 2033 postea
919 1950 1048 2014 correcti
1063 1949 1165 2015 redire
1180 1951 1217 2015 iu
1232 1951 1418 2017 catholicam

252 2053 445 2136 delegerunt,
461 2052 646 2119 damnantes
662 2054 728 2116 sivo
744 2051 827 2135 quod
844 2051 1054 2135 crediderunt,
1069 2054 1135 2118 aire
1151 2051 1235 2137 quod
1246 2053 1418 2121 credidisse

251 2157 488 2221 simulaverant:
511 2176 588 2240 qnos
609 2154 743 2219 ecclesia
762 2154 915 2219 catholica
934 2160 1077 2220 materno
1096 2158 1218 2241 reecpit
1237 2158 1329 2240 sinu,
1348 2163 1417 2223 tan·

251 2281 345 2343 quam
364 2259 492 2325 Petrum
512 2264 584 2343 post
603 2257 710 2321 lletum
729 2258 913 2339 negationis.
949 2256 1038 2322 Hanc
1058 2257 1104 2321 illi
1123 2260 1234 2323 matris
1254 2262 1417 2327 caritatem

250 2362 384 2448 superbo
400 2361 601 2446 accipientes,
616 2380 730 2443 eosque
747 2361 883 2445 recipere
899 2359 1042 2425 nolentes
1057 2359 1097 2427 ab
1109 2360 1264 2427 ecclesiae
1276 2384 1415 2429 commu·

250 2468 343 2530 55555
366 2469 580 2545 recesserunt,
602 2468 634 2528 55
656 2483 727 2527 oum
749 2464 817 2548 ipso
839 2462 982 2529 Lucifero
1003 2468 1129 2529 auctore
1152 2483 1226 2546 sno,
1248 2467 1305 2549 qui
1327 2486 1415 2533 mane

250 2569 417 2649 oriebatur,
432 2567 543 2631 cadere
558 2572 748 2630 mernerunt.

313 2671 363 2734 57.
386 2671 608 2735 lorinianistae
623 2690 642 2732 a
655 2669 815 2733 loriniano
831 2667 967 2752 quodam
982 2668 1136 2734 monacho
1157 2668 1252 2752 dicti,
1271 2692 1415 2739 asseren-

250 2781 296 2838 555
312 2773 430 2837 nullam
445 2779 614 2857 nuptarum
628 2777 660 2834 ot
674 2773 831 2855 virginum
845 2791 913 2835 osse
930 2769 1123 2855 distantiam,
1136 2770 1325 2859 nullumque
1336 2777 1414 2841 inter

250 2878 446 2941 abstinentes
462 2882 494 2938 et
508 2873 694 2960 simpliciter
709 2873 871 2958 epulantes
887 2894 956 2939 5555
973 2873 1153 2939 discrimen.

313 2979 362 3043 58.
385 2978 541 3044 Elvidiani
556 2978 596 3042 ab
612 2975 762 3042 ¹⁸Elvidio
777 2978 945 3059 nominati,
966 2978 1019 3060 qui
1038 2976 1148 3041 dicunt
1168 2982 1243 3063 post
1256 2977 1411 3045 Christum

250 3089 358 3146 natum
373 3081 450 3145 alios
467 3081 595 3145 Mariam
610 3079 691 3143 filios
707 3078 745 3143 de
760 3081 826 3144 viro
841 3080 954 3163 loseph
968 3081 1140 3165 peperisse.

314 3184 364 3248 59.
386 3185 566 3248 Paterniani
581 3204 600 3246 a
613 3182 748 3247 Paterno
764 3180 899 3266 quodam
914 3184 1030 3265 exorti,
1049 3184 1103 3266 qni
1122 3182 1290 3251 inferiores
1305 3206 1410 3271 eorpo-

251 3290 292 3352 ris
307 3292 413 3372 partes
428 3307 447 3348 a
462 3284 585 3349 diabolo
601 3286 699 3349 lactas
715 3287 891 3370 opinantur.

314 3390 364 3453 66.
387 3387 515 3453 Arabici
530 3388 703 3472 nuncupati
719 3408 754 3451 eo
771 3386 853 3471 qnod
869 3390 902 3451 55
917 3387 1033 3452 Arabia
1048 3388 1147 3452 exorti
1162 3393 1253 3472 sunt,
1273 3390 1412 3457 dicentes

249 3497 387 3559 animam
403 3512 474 3557 cum
490 3511 618 3575 corpore
633 3492 728 3573 mori,
748 3497 841 3576 atque
860 3492 894 3555 in
913 3492 1085 3556 novissimo
1105 3490 1156 3556 die
1175 3497 1347 3579 utrumqne
1365 3514 1410 3559 rc·

249 3617 646 3764 δυηζ6ΘΙΓ.6·Τ55551155555555
673 3695 748 3760 dicti
778 3716 798 3760 5
818 3695 1012 3761 Tertulliano
1040 3696 1225 3782 presbytero
1246 3698 1411 3765 Africanae

250 3805 438 3889 provinciae,
454 3802 589 3866 civitatis
605 3797 870 3882 carthaginensis,
884 3801 1021 3864 animam
1037 3819 1100 3864 non
1113 3800 1325 3869 immortalem
1336 3822 1412 3885 esse,

249 3906 305 3971 sod
321 3926 501 3991 corpoream
515 3902 749 3988 praedicantes,
768 3907 801 3966 et
814 3904 936 3967 animas
950 3901 1112 3967 hominum
1127 3909 1331 3988 peccatorum
1345 3910 1413 3993 post

248 4016 382 4073 mortem
396 4011 429 4072 in
445 4007 614 4072 daemones
628 4008 710 4073 verti
726 4005 911 4091 ¹⁹putantes.

311 4114 362 4175 62.
386 4109 785 4175 Tessarosdeoaedecatitae
808 4108 901 4190 dieti,
923 4110 996 4194 qnia
1008 4107 1089 4174 xlv.
1105 4106 1182 4175 luna
1200 4110 1323 4194 pascha
1342 4132 1411 4178 cum

249 4212 371 4277 ludaeis
387 4212 619 4277 observandum
635 4212 838 4276 contendunt.
859 4211 941 4276 Nam
951 4210 1091 4301 τέσσαρες
1103 4218 1236 4297 quatuor
1245 4215 1412 4299 significat,

248 4320 280 4378 55
295 4304 370 4378 δέκα
385 4317 503 4379 decem.

312 4417 362 4480 63.
384 4416 541 4499 Nyotages
556 4437 576 4479 a
590 4436 699 4482 somno
710 4419 892 4502 nuncupati,
908 4416 990 4502 quod
1001 4417 1125 4501 vigilias
1136 4420 1238 4485 noctis
1249 4427 1410 4509 respuunt,

301 4568 339 4622 15.
351 4567 490 4620 Bonosiaci
502 4570 541 4621 ed.
554 4568 662 4620 Area-cl.
733 4570 771 4623 16.
791 4568 870 4637 Votoo
886 4569 1060 4624 circelliones.
1131 4570 1171 4627 17.
1195 4572 1276 4643 l'rrdqc
1292 4574 1406 4629 Simiae.

251 4635 289 4688 18.
305 4637 373 4689 Urrrra
384 4656 397 4689 e
411 4636 641 4703 Grrelplrerbytauic
651 4639 726 4691 uddr’l
737 4635 852 4709 quedem
861 4637 998 4694 monacho.
1052 4639 1091 4695 19.
1109 4638 1190 4710 st
1199 4648 1335 4713 [tumr.
