3046 5124
252 368 313 434 332
434 363 557 407 BONORII
569 362 842 409 hueusronmmnsm
855 363 896 407 ΒΕ
908 362 1087 411 mmmm
1095 362 1244 407 nmmos

40 524 43 531 '
66 537 116 589 cto·
129 538 237 580 mm·
312 521 465 609 Aeephali
479 524 547 588 sine
563 525 665 609 eapite
681 522 770 600 dioti3
785 522 814 587 A
830 523 1036 607 quippenam,
1050 520 1409 608 aeoehidiciturcarir.

250 626 291 690 Hi
306 628 373 690 sine
389 631 513 691 auetore
529 631 613 706 sunt,
633 631 664 688 et
678 625 755 689 duas
771 625 963 689 substantias
983 627 1016 688 in
1032 623 1155 691 Christo
1170 631 1300 708 negant,
1321 646 1412 692 unam

149 774 154 785 ,
250 733 394 792 naturam
408 731 441 793 in
457 729 523 793 eiua
538 750 672 814 persona
686 728 877 814 praedicant.

53 846 104 896 cn·
117 846 233 886 mxlss·
312 831 521 897 Theodosiani
533 838 565 895 et
582 833 743 897 Gaianitae
759 851 779 894 a
794 830 985 896 ¹Theodosio
997 835 1029 894 et
1042 831 1158 897 Gaiano
1173 831 1331 917 episeopis
1342 831 1412 896 Ale-

250 934 397 1000 xandriae
414 935 521 1015 exorti.
551 934 592 998 Hi
608 956 646 998 ex
660 934 781 999 duabus
796 954 892 997 unam
911 936 946 997 in
960 933 1083 998 Christo
1099 940 1247 998 naturam
1262 940 1412 999 asserunt

58 1052 108 1104 ce·
121 1053 233 1094 maw-
312 1039 465 1122 Agnoitae
482 1038 520 1102 ab
536 1040 712 1120 ignorantia
726 1037 812 1103 dieti.
849 1037 891 1102 Hi
906 1035 1016 1103 dieunt
1034 1037 1118 1121 quod
1134 1036 1252 1106 Christi
1268 1036 1413 1105 divinitas

250 1144 372 1226 ignoret
385 1142 490 1205 sutura
505 1141 543 1206 de
560 1140 609 1205 die
624 1140 806 1206 novissimo.

70 1260 234 1312 cto-mxv·
314 1245 485 1309 Tritheitae
508 1266 527 1307 a
545 1244 645 1308 tribus
669 1244 754 1308 dieti.
791 1243 832 1307 Hi
852 1244 934 1308 sient
952 1247 1016 1307 tres
1037 1263 1189 1329 personas
1209 1243 1243 1308 in
1265 1243 1414 1326 trinitate,

250 1350 295 1412 ita
309 1354 455 1411 asserunt
468 1354 531 1411 tres
549 1367 617 1411 esse
633 1347 716 1412 deos.

314 1450 394 1514 Sunt
410 1456 441 1514 et
456 1450 534 1514 aliae
549 1450 694 1514 haereses
710 1454 742 1512 et
753 1452 821 1513 sine
836 1448 1026 1529 nominibus,
1042 1448 1206 1533 exquibus
1218 1448 1300 1514 aliae
1312 1450 1413 1517 trisor-

250 1575 333 1618 mem
347 1559 460 1640 putant
471 1573 540 1617 esse
553 1553 656 1634 deum,
672 1551 749 1615 aliae
762 1550 878 1615 Christi
890 1550 1087 1617 divinitatem
1098 1551 1286 1638 passibilem
1298 1552 1414 1636 dieunt,

251 1656 329 1719 aliae
346 1656 461 1719 Christi
476 1658 633 1720 nativitati
650 1654 687 1718 de
703 1660 790 1739 patre
805 1656 930 1718 initium
946 1654 1033 1735 dont,
1053 1641 1132 1718 aliae
1147 1675 1245 1719 unam
1260 1659 1413 1742 operatio·

250 1780 324 1821 nem
339 1764 370 1821 et
384 1779 478 1822 unam
492 1758 685 1822 voluntatem
700 1759 733 1820 in
747 1757 869 1821 Christo
885 1756 1010 1821 deitatis
1026 1761 1058 1821 et
1070 1756 1277 1823 humanitatis
1291 1759 1412 1844 praedi·

251 1867 333 1943 eant,
348 1861 426 1924 aliae
441 1860 657 1924 liberationem
671 1859 831 1923 hominum
848 1859 932 1944 apud
946 1859 1062 1923 inferos
1078 1859 1195 1924 Christi
1210 1860 1411 1926 descensione

250 1969 375 2047 negant,
395 1964 473 2027 aliae
492 1964 651 2027 hominem
667 1962 717 2026 dei
737 1964 905 2045 imaginem
920 1961 1034 2027 habere
1049 1983 1113 2027 non
1135 1965 1321 2046 aestimant,
1342 1967 1412 2029 item

251 2067 329 2131 aliae
346 2067 383 2130 de
399 2067 509 2131 mnndi
524 2072 607 2130 statu
623 2066 830 2147 dissentiunt,
851 2065 930 2129 aliae
945 2065 1169 2131 inumerabiles
1191 2067 1328 2132 mundos
1348 2070 1410 2153 opi·

252 2177 375 2251 nantur,
397 2169 476 2233 aliae
492 2190 604 2253 aquam
625 2169 682 2233 deo
699 2174 895 2233 coaeternam
917 2169 1047 2250 faciunt,
1068 2169 1147 2233 aliae
1168 2169 1263 2235 nudis
1283 2170 1410 2255 pedibus

251 2273 427 2354 ambulant,
447 2273 524 2335 aliae
545 2292 616 2336 oum
635 2272 814 2337 hominibus
835 2292 897 2337 non
913 2272 1114 2352 manducant,
1136 2271 1216 2337 aliae
1232 2272 1273 2337 de
1288 2295 1408 2360 corpore

252 2376 367 2440 Christi
383 2375 540 2439 dubitant:
554 2395 630 2459 quas
646 2396 754 2439 omnes
771 2374 925 2441 catholiea
938 2374 1072 2439 ecelesia
1087 2374 1226 2441 damnet.

303 2544 364 2614 Cap.
376 2540 523 2598 LXXXIII.
537 2576 569 2585 -
584 2544 606 2599 1.
627 2544 705 2612 Volgo
718 2542 906 2598 Theodosiana
