3046 5124
290 361 352 426 316
830 358 915 401 raum

291 514 381 580 donis
397 515 508 598 dogma
523 521 649 579 secutus
664 513 798 579 alterum
812 516 929 580 bonum
948 519 981 578 ot
995 513 1129 579 alterum
1147 516 1268 579 iustum
1289 514 1386 579 deum
1404 534 1453 578 as·

291 620 398 700 seruit,
413 623 572 701 tamquam
587 617 648 682 duo
663 620 819 703 principia
830 617 978 682 creatoris
993 623 1025 681 ot
1040 616 1218 683 ¹bouitatis.
1243 616 1363 683 Contra
1376 616 1456 682 huuc

292 723 485 805 scripserunt
498 719 671 802 ²lustinus,
687 720 890 805 philosophus
905 725 937 784 et
951 726 1080 804 martyr,
1101 725 1134 784 et
1147 719 1372 806 ³Theophylus
1387 740 1455 785 sex·

292 829 342 888 tus
364 822 578 888 Antiochense
600 822 751 887 ecclesiae
776 825 951 908 episeopus.
995 822 1203 909 ⁴Polycarpus
1225 821 1372 889 Smiruae
1391 821 1456 909 epi-

292 947 421 1013 seopus,
439 925 588 990 Iohannis
604 926 737 1012 apostoli
757 925 946 1011 discipulus,
960 931 1088 1012 propter
1107 925 1261 1011 quasdam
1275 946 1374 1012 super
1393 925 1458 991 dies

291 1029 427 1115 paschae
443 1031 641 1113 quaestiones
661 1030 720 1093 sub
739 1031 926 1114 imperatore
946 1028 1125 1095 ⁵Antouiuo
1149 1029 1221 1111 Pio,
1242 1028 1413 1095 eeclesiam
1426 1030 1458 1095 iu

291 1132 377 1198 Urbe
392 1137 519 1215 regente
535 1131 679 1215 Auiceto,
702 1132 833 1196 Romam
847 1134 946 1214 veuit,
964 1130 1020 1196 ubi
1033 1112 1149 1196 mhltos
1164 1130 1365 1197 credentium
1378 1131 1458 1197 Mar·

293 1234 392 1300 aionis
408 1240 440 1298 et
454 1234 613 1299 Valentini
628 1238 831 1320 persuasione
853 1234 1000 1320 deceptos
1020 1234 1146 1299 reduxit
1165 1234 1206 1299 ad
1219 1234 1329 1299 iidem.
1366 1232 1457 1299 Cum·

293 1359 352 1422 que
374 1339 403 1401 oi
423 1337 549 1402 fortuito
570 1337 696 1403 obviam
716 1337 828 1402 fuisset
846 1337 985 1402 Marcion
1004 1342 1036 1400 et
1055 1337 1202 1420 dixisset,
1222 1337 1385 1421 Cognosce
1404 1358 1458 1402 uos

292 1439 477 1524 Polycarpe!
494 1440 666 1524 respoudit,
682 1440 840 1524 Cognosoo
856 1440 1100 1527 primogenitum
1114 1439 1241 1505 diaboli.

136 1553 187 1606 cnr·
200 1554 275 1594 ΗΝ·
355 1541 567 1606 Valentiniani
587 1542 779 1627 apraedicto
801 1542 980 1625 Valentino,
999 1542 1152 1628 praedicti
1172 1542 1345 1608 Marcionis
1365 1542 1458 1608 disci·

292 1645 376 1729 pulo,
391 1651 466 1709 suut
476 1643 596 1725 vocati,
611 1646 664 1728 qui
680 1646 838 1727 ¹Aeonas,
852 1645 885 1710 id
897 1652 946 1711 ost
957 1645 1065 1710 aecula
1079 1645 1250 1729 quaedam,
1264 1647 1298 1709 in
1309 1645 1459 1729 originem

295 1747 345 1810 dei
360 1748 509 1810 creatoris
529 1746 669 1828 induxit,
691 1746 927 1832 ²Christumque
949 1748 987 1813 de
1007 1750 1126 1831 virgine
1146 1746 1228 1811 nihil
1248 1750 1391 1833 eorporis
1409 1770 1457 1812 as-

295 1850 477 1934 sumpsisse,
493 1848 547 1913 sed
563 1871 619 1935 por
635 1871 703 1914 eam
719 1853 808 1934 quasi
823 1871 878 1935 per
893 1850 1030 1915 fistulam
1045 1853 1195 1914 transisse
1209 1852 1356 1916 asseruit

151 1962 200 2012 cu·
214 1962 277 2001 xtv·
359 1951 547 2036 ¹Apellitao,
573 1973 702 2036 quonun
727 1960 834 2017 auctor
858 1953 1002 2038 Apelles:
1028 1955 1082 2037 qui
1108 1952 1188 2016 dixit
1212 1950 1375 2018 Christum
1400 1974 1459 2018 nou

296 2055 390 2119 deum
405 2055 438 2117 in
453 2055 594 2136 veritato,
609 2055 665 2119 eod
679 2056 838 2120 hominem
853 2057 886 2119 in
901 2056 1067 2140 phantasia
1080 2057 1273 2139 apparuisse.

137 2167 191 2219 Cur·
202 2167 277 2207 Wl-
360 2158 503 2221 ¹Tatiaui
519 2179 538 2222 a
553 2159 686 2241 quodam
700 2159 830 2223 Tatiauo
842 2161 955 2240 uocati,
971 2159 1025 2242 qui
1037 2163 1068 2222 et
1079 2155 1276 2222 ²Eucratitae
1288 2157 1380 2241 dicti,
1390 2161 1461 2244 quia

296 2281 406 2324 carnes
426 2259 673 2327 ³abomiuantur.
710 2261 830 2325 Horum
850 2260 994 2324 haeresin
1020 2260 1212 2343 adaugentes
1233 2258 1417 2344 Severiaui,
1443 2282 1460 2325 a

296 2363 411 2427 Severo
434 2367 548 2445 exorti,
566 2367 675 2429 viuum
695 2385 757 2427 uon
778 2363 905 2444 bibunt,
924 2368 1013 2428 vetus
1035 2368 1260 2429 testamcutum
1275 2369 1310 2427 et
1323 2382 1458 2430 resurre-

297 2469 431 2530 ctionem
446 2486 508 2530 uon
525 2469 688 2553 recipiunt.

127 2579 178 2630 cnr·
191 2579 277 2618 ΚΜ-
360 2567 523 2650 ¹Nodtaui,
538 2569 705 2653 aquodam
720 2569 818 2634 Nolito
833 2571 946 2651 vocati,
961 2568 1014 2654 qui
1029 2568 1195 2634 ²dicebaut
1209 2568 1373 2635 Christum
1386 2590 1458 2635 enu-

296 2670 368 2735 dem
388 2692 456 2735 csse
477 2677 509 2735 et
528 2678 649 2757 patrem
668 2678 701 2737 et
719 2674 863 2757 spiritum
883 2678 1043 2753 sanctum,
1064 2673 1226 2756 ipsamque
1240 2674 1416 2739 trinitatem
1430 2676 1459 2739 iu

296 2775 469 2839 officiorum
489 2775 685 2856 nominibus,
705 2796 768 2839 non
787 2777 820 2838 in
840 2777 983 2860 personis
1003 2776 1171 2860 accipiunt.
1194 2773 1288 2840 Unde
1309 2782 1343 2841 et
1361 2777 1458 2843 Patri·

296 2880 434 2962 paseiaui
451 2877 607 2960 dicuntur,
623 2880 695 2962 quia
710 2884 830 2963 patrem
844 2899 973 2962 passum
988 2877 1106 2942 dicunt.

116 2988 167 3040 cu·
181 2988 277 3030 mut
360 2980 531 3044 Sabelliani
546 2982 585 3046 ab
602 2981 711 3046 eodem
726 2980 824 3045 Nolito
840 2979 1011 3066 pullulasse
1032 2979 1194 3071 dicuutur,
1214 2979 1305 3045 cuius
1325 2980 1459 3067 discipu·

295 3083 360 3146 lurn
375 3083 665 3162 suisseSabellium3
681 3105 720 3146 ox
735 3086 823 3147 cuius
839 3085 965 3148 uomiue
981 3084 1119 3147 maxime
1134 3085 1351 3148 innotuerunt
1373 3083 1459 3151 Unde

297 3191 329 3249 et
343 3184 514 3249 Sabelliani
530 3186 605 3250 dieti
621 3194 703 3250 sunt.
739 3186 781 3250 Ili
801 3206 896 3249 uuam
910 3206 1078 3270 porsonam
1097 3187 1196 3270 patris
1219 3191 1251 3250 ot
1271 3186 1329 3251 lilii
1349 3194 1382 3252 et
1399 3188 1459 3274 spi·

297 3291 375 3351 ritus
391 3290 492 3351 sancti
508 3294 661 3352 astruunt.
700 3289 814 3354 Contra
828 3288 909 3353 hano
929 3288 1091 3369 haeresin,
1106 3294 1246 3373 tempore
1261 3289 1385 3355 Aurelii
1403 3293 1459 3357 im·

296 3393 448 3477 peratoris
464 3397 613 3471 exortam,
629 3394 756 3476 scripsit
775 3392 961 3475 ¹Dionysius
981 3390 1212 3456 Alexandrinae
1233 3392 1322 3458 urbis
1342 3396 1460 3480 opisco-

297 3517 366 3580 pus,
382 3494 524 3577 Origonis
540 3493 662 3558 auditor
677 3497 919 3577 insignissimus.
941 3495 1030 3559 Hanc
1046 3496 1141 3558 etiam
1151 3499 1293 3581 tempore
1308 3495 1461 3562 Constan-

300 3601 360 3662 tini
385 3599 582 3682 imperatoris
601 3595 713 3661 2huius
740 3597 904 3682 presbyter
923 3597 1155 3662 Alexandrinus
1183 3617 1331 3682 perverse
1356 3599 1462 3666 voleus

299 3704 450 3783 corrigere
466 3706 667 3765 coaeternum
677 3703 760 3785 patri
774 3699 874 3765 tilium
888 3721 952 3765 uou
967 3703 1103 3784 agnovit,
1118 3703 1152 3764 iu
1167 3703 1309 3767 trinitate
1324 3702 1462 3769 diversas

298 3805 491 3869 substautias
506 3805 651 3885 asseruit,
666 3809 775 3868 eontra
788 3802 867 3868 illud
881 3802 983 3888 ³quod
998 3805 1044 3867 ait
1059 3803 1215 3887 domiuus,
1233 3803 1315 3889 ‘Ego
1330 3812 1364 3871 ot
1376 3812 1463 3893 puter

366 3955 584 4076 Cap.XXlll.—
605 3957 626 4008 l.
640 3954 826 4008 Isaeum.
851 3956 954 4010 Ateod.
968 3954 1268 4009 nortmannicis.
1311 3956 1337 4011 2.
1351 3957 1391 4028 Cs.
1404 3958 1462 4011 Hie·

298 4043 392 4092 rouyru.
416 4024 583 4094 .l.cap.23.
634 4024 658 4079 3.
673 4024 711 4093 Cf.
724 4024 1057 4094 Hirroupm.l.l.eap.25.
1101 4024 1126 4077 4.
1145 4025 1463 4093 [Hierouynldmo.

300 4094 350 4155 17„
363 4097 428 4145 raude
440 4094 504 4145 hoec
517 4098 624 4161 repetitu
636 4103 700 4145 aurat.
752 4093 776 4145 5.
795 4093 901 4146 antonio
914 4093 957 4163 plo
976 4095 1030 4146 cod.
1043 4093 1106 4145 975.
1118 4094 1224 4147 antonio
1239 4110 1287 4164 pto
1299 4096 1356 4148 cod
1368 4096 1384 4147 1
1388 4046 1456 4148 ml

367 4160 428 4230 Cap.
440 4162 537 4215 XXIV.
549 4193 583 4201 —
603 4163 624 4214 1.
643 4178 722 4214 eonas
741 4160 1127 4216 cocl.975.oouaseod.1752.
1177 4161 1202 4214 2.
1219 4161 1264 4214 Itu
1280 4167 1395 4228 coarat,
1410 4180 1464 4215 csso

299 4233 326 4280 ia
338 4231 411 4280 libris
423 4234 525 4281 retusus
537 4232 637 4297 requae
649 4229 781 4283 Christum
793 4228 869 4299 quod
893 4231 974 4299 Aponi
984 4232 1116 4283 Isidorum
1128 4239 1199 4283 extat
1209 4229 1342 4285 Christum
1353 4248 1464 4303 queque.

367 4296 429 4366 Cap.
441 4298 526 4350 XXV.
539 4329 572 4337 —
592 4298 613 4352 l.
626 4299 647 4351 Α
666 4300 754 4368 pellito
766 4315 878 4367 quorum
889 4304 965 4351 autor
977 4300 1092 4370 appelles
1104 4301 1177 4354 codd.

368 4364 430 4434 Cap.
442 4365 539 4418 XXVI.
553 4396 585 4405 —
606 4367 627 4418 1.
644 4316 751 4420 lariani
768 4366 913 4436 aquodam
931 4367 1044 4421 Troiano
1062 4370 1136 4421 codd.
1187 4366 1212 4420 2.
1229 4366 1376 4423 morathita
1391 4370 1464 4423 codd.

300 4432 324 4485 3.
337 4433 538 4486 abhominantur
550 4437 605 4486 rod.
618 4434 680 4486 975.
692 4435 893 4488 abhominantur
904 4438 959 4487 eod.
972 4435 1053 4490 1752.

368 4502 430 4571 Gap.
442 4501 552 4554 XXVII.
564 4534 597 4543 -
617 4502 639 4554 1.
651 4502 779 4557 Noethaui
791 4504 864 4557 codd.
916 4503 941 4556 2.
953 4503 1057 4558 dicebat
1067 4506 1141 4558 codd

369 4568 608 4640 Gapxxvllh-
628 4572 649 4623 l.
663 4571 702 4640 Cf.
715 4572 861 4640 Hr'erouym.
886 4572 927 4625 De
942 4571 1047 4643 Sers'ptt.
1064 4572 1164 4627 Erotes.
1177 4572 1294 4645 ΜΗΘ.
1333 4573 1359 4631 2.
1374 4574 1464 4629 Δπίυ

304 4638 377 4692 codd.
428 4637 453 4693 3.
466 4638 656 4710 quidemeodd.
711 4638 957 4695 eleusiam.
