3046 5124
471 341 509 382 DE
524 338 746 382 acoensmsrrcrs
759 339 950 381 DOGHATIBUS.
1225 342 1286 407 343

125 491 263 549 crumenis
275 495 307 548 ad
319 495 523 565 regenerationis
534 500 697 549 sacramenta
707 495 837 565 perductis
848 495 966 548 caelestis
975 494 1167 548 misericordiae
1176 496 1237 548 aula
1248 510 1287 547 re-

126 586 236 635 seretur.
258 582 329 634 Haeo
341 588 429 635 antem
445 598 496 634 nou
508 582 681 651 perfunctorie
694 597 777 651 neque
790 581 901 633 inaniter
912 597 929 634 a
939 581 1044 635 donnino
1055 582 1110 651 peti
1120 594 1207 635 rernm
1218 581 1287 650 ipsa·

125 682 185 719 rum
195 672 326 719 monstrat
337 666 457 731 effectus,
474 667 683 736 quandoquidem
700 685 733 719 ex
750 668 820 719 omui
837 683 953 720 errorum
970 683 1065 735 gauere
1081 667 1207 736 plurimos
1224 665 1287 718 deus

125 750 250 820 dignatur
266 750 406 816 attrahere,
423 768 489 821 quos
506 759 593 804 erutos
611 753 641 805 de
657 758 785 822 potestate
802 753 966 805 tenebranuu
984 751 1123 804 transierat
1138 751 1166 803 iu
1177 766 1287 820 reguum
1314 816 1318 824 Ι

125 835 174 891 lilii
184 836 302 889 cunnus
314 853 389 902 suae,
407 843 433 889 et
449 854 482 889 ex
499 838 569 889 vasis
585 838 639 889 irae
651 837 729 889 iaciat
740 853 803 890 vasa
814 838 1012 894 misericordiae.
1042 835 1114 898 Quod
1128 836 1192 888 adeo
1203 841 1288 888 totum

125 920 208 973 divini
219 921 305 990 operis
317 938 374 975 esse
387 923 504 985 sentitur,
518 930 547 974 nt
558 921 620 974 haee
633 922 644 956 ²
651 922 774 975 efficienti
786 924 833 976 deo
846 923 989 992 gratiarum
1001 938 1102 992 semper
1114 922 1181 975 actio
1192 921 1287 975 laudis·

125 1021 177 1076 que
189 1005 319 1059 confessio
331 1024 379 1077 pro
388 1008 576 1060 illuminatione
588 1008 680 1060 talium
691 1010 731 1061 vel
744 1008 900 1060 correctione
912 1009 1064 1062 reserantur.

194 1091 262 1144 lllnd
272 1093 352 1144 etiam
365 1093 434 1162 quod
445 1093 514 1145 eirca
525 1093 693 1162 baptizandos
711 1094 737 1145 in
754 1094 874 1146 universo
887 1094 983 1146 mundo
1001 1097 1093 1144 saneta
1108 1092 1217 1145 eeclesia
1231 1093 1288 1144 nui·
1306 1105 1366 1158 (cap.
1379 1104 1463 1154 xxxa)

124 1174 245 1229 formiter
255 1177 311 1246 agit
322 1195 375 1230 nou
388 1178 471 1230 otioso
492 1180 498 1210 ¹
508 1180 712 1248 contemplamur
723 1179 830 1242 intuitu,
847 1195 907 1231 eum
919 1179 976 1230 siva
984 1179 1098 1248 parvuli,
1115 1177 1169 1229 sire
1181 1177 1288 1230 iuvenes

125 1260 159 1313 ad
174 1263 380 1330 regenerationis
396 1265 503 1315 veniunt
519 1270 723 1328 sacramentnm,
739 1281 792 1316 uon
809 1264 881 1332 prius
897 1263 996 1316 iontem
1012 1265 1081 1316 vitae
1097 1262 1192 1315 adeant
1209 1278 1288 1330 qnam

125 1346 282 1399 exorcismis
295 1353 321 1399 et
332 1346 560 1401 exsufflationibus
573 1350 723 1402 elericorum
735 1349 841 1419 spiritus
854 1349 887 1401 ab
899 1350 936 1401 eis
948 1347 1098 1401 immundus
1110 1349 1242 1417 abigatur:
1258 1353 1289 1399 nt

126 1436 189 1483 temo
200 1448 259 1483 aare
271 1438 395 1502 appareat
408 1432 553 1502 2(ιιιοιιιοιίο
566 1435 684 1504 princeps
698 1433 787 1487 muudi
798 1433 875 1487 huius
891 1435 1008 1486 mittatur
1020 1434 1104 1496 ieras,
1120 1436 1146 1484 at
1158 1431 1288 1501 quomodo

124 1515 198 1585 prins
210 1517 331 1586 alligetur
343 1518 424 1581 fortis,
437 1523 463 1569 et
475 1517 596 1588 deinceps
607 1534 669 1570 vasa
682 1519 737 1571 eius
750 1519 910 1588 diripiantur,
923 1521 949 1571 in
961 1519 1155 1588 possessionem
1162 1519 1288 1570 translata

125 1600 240 1666 metens,
253 1607 296 1671 qni
307 1611 436 1672 capessam
449 1606 520 1655 (lucit
528 1608 709 1671 cuprtr'oitutenn,
722 1614 747 1654 et
757 1607 803 1655 rint
815 1608 881 1656 (Iona
893 1604 1056 1656 8ὴοιιιίιιίὸιιι.

193 1686 317 1739 Omnium
330 1688 457 1740 bonorum
470 1687 612 1740 affectuum
624 1695 701 1757 atqua
714 1706 829 1758 operum,
841 1696 865 1741 et
879 1690 995 1742 omnium
1007 1690 1151 1742 studiorum
1160 1690 1288 1761 omnium·
1306 1703 1365 1754 (erp.
1379 1701 1472 1751 ιιιιιιιι.)
1512 1680 1517 1699 “

125 1788 177 1841 que
188 1771 326 1837 virtutum,
345 1773 439 1842 quibus
456 1773 489 1825 ab
507 1774 580 1825 initio
598 1773 658 1824 tidei
671 1774 702 1824 ad
716 1773 792 1826 deum
804 1774 930 1839 tenditur,
948 1776 1025 1827 deum
1037 1774 1189 1844 profitemur
1200 1779 1288 1827 aucto·

125 1872 193 1921 rem,
210 1863 236 1908 et
251 1874 304 1910 uon
321 1858 470 1910 dubitamus
489 1859 522 1910 ab
540 1859 621 1926 ipsius
639 1859 725 1926 gratia
742 1860 829 1910 omnia
840 1857 953 1911 hominis
965 1860 1057 1911 menta
1068 1861 1225 1928 praeveniri,
1243 1877 1288 1930 per

126 1957 205 2012 quem
217 1942 248 1994 fit
258 1948 288 1994 nt
300 1943 398 2012 aliquid
411 1944 472 1995 boni
484 1949 510 1995 et
522 1944 587 1995 velle
601 1944 754 2013 incipiamus
768 1949 793 1996 et
805 1944 897 1998 iacere.
918 1944 973 2006 Quo
987 1944 1075 2013 utique
1087 1946 1186 1998 auxilio
1196 1951 1221 1997 at
1231 1962 1288 1998 mn·

125 2043 188 2080 uere
199 2027 243 2079 dei
254 2044 305 2080 unu
318 2029 433 2080 aufertur
444 2029 554 2080 liberum
567 2029 709 2091 arbitrium,
723 2029 767 2080 sed
780 2029 916 2093 liberatur,
932 2035 961 2081 ut
973 2030 1004 2080 de
1016 2029 1153 2083 tenebroso
1165 2030 1288 2095 lucidum,

125 2112 159 2166 da
167 2128 250 2183 prave
263 2118 373 2177 rectum,
392 2114 423 2164 de
435 2114 559 2182 languido
571 2131 673 2177 sanum,
686 2114 717 2165 de
729 2114 890 2182 imprudente
902 2115 938 2165 sit
949 2115 1093 2183 providum.
1123 2116 1207 2167 Tanta
1219 2118 1287 2169 enim

80 2206 85 2216 '
124 2205 242 2267 asterga
254 2215 345 2251 omines
356 2197 474 2250 homiues
489 2200 589 2250 bouitas
602 2198 654 2262 dei,
668 2206 697 2250 ut
708 2205 798 2274 nostrp
808 2200 871 2250 velit
882 2216 939 2250 ease
951 2200 1044 2251 merita
1055 2215 1122 2268 quac
1135 2206 1196 2252 sunt
1206 2202 1288 2270 ipsine

125 2284 203 2348 dona,
215 2289 242 2335 et
252 2301 299 2353 pro
310 2282 351 2336 hie
364 2301 430 2352 quae
442 2284 552 2352 largitus
565 2291 604 2335 est
616 2289 720 2335 aeterua
732 2285 847 2353 praemia
859 2285 894 2336 sit
905 2284 1055 2337 donaturus.
1079 2285 1144 2354 Agit
1154 2287 1248 2355 quippe
1261 2288 1287 2339 in

124 2369 210 2433 nobie,
224 2373 253 2420 nt
264 2368 333 2437 quod
345 2370 400 2421 vult
412 2376 438 2421 et
449 2369 560 2420 velimus
572 2375 598 2420 et
610 2385 733 2438 agamus3
751 2386 799 2421 uec
815 2370 899 2422 ennoea
915 2386 972 2421 osse
985 2371 1011 2422 iu
1024 2371 1099 2422 uobis
1111 2371 1208 2439 patitur
1220 2387 1287 2440 quae

124 2453 271 2508 mercanda
281 2471 334 2505 nou
348 2452 504 2522 negligenda
516 2454 629 2517 donavit,
643 2456 687 2505 ¹ut
699 2461 725 2505 et
737 2472 783 2506 nos
797 2461 975 2524 cooperatores
987 2456 1069 2507 simus
1081 2457 1180 2524 gratim
1192 2456 1244 2520 dei,
1258 2474 1288 2509 ac

125 2538 224 2608 siquid
240 2539 268 2590 in
284 2540 359 2591 nobis
376 2554 408 2590 ex
429 2545 519 2592 nostra
530 2539 833 2592 viderimus'remissioue
845 2541 1023 2610 languescere,
1040 2540 1072 2592 ad
1089 2541 1162 2593 illurn
1178 2542 1287 2594 sollicite

127 2639 304 2687 recurramus,
324 2624 383 2692 ”qni
393 2635 470 2676 sacrat
483 2643 565 2675 orienes
576 2627 711 2692 lsrreynorea
722 2636 830 2689 trostros,
849 2636 873 2678 et
883 2629 986 2687 redierit
997 2629 1028 2685 de
1040 2630 1142 2677 interita
1154 2632 1232 2678 eitum
1245 2647 1286 2680 no·

124 2719 218 2776 mam,
234 2715 261 2762 at
272 2710 315 2761 eui
326 2710 442 2778 quotidie
454 2710 578 2775 dicimus,
594 2711 635 2763 Ne
653 2730 698 2762 noe
709 2715 817 2765 induens
834 2718 859 2764 in
872 2717 1044 2775 tentationem,
1061 2714 1107 2764 sed
1120 2713 1201 2765 libera
1214 2732 1258 2764 noe
1269 2735 1286 2767 n

124 2798 199 2849 nelo.

192 2881 345 2951 Quicunque
356 2882 419 2933 dicit
429 2881 512 2933 Adam
524 2885 636 2953 primum
649 2883 780 2937 homiuem
792 2885 928 2938 mortalem
940 2885 1050 2949 iactum,
1062 2885 1100 2936 ita
1110 2889 1154 2949 ut,
1163 2885 1217 2938 sine
1228 2902 1287 2956 pec·
1306 2900 1364 2953 (cap.
1379 2898 1482 2950 ιιιιιιιιι.)

124 2974 201 3032 caret,
214 2968 269 3019 sive
280 2984 333 3020 uon
345 2973 475 3036 peccarat,
493 2974 635 3021 moraretur
646 2970 674 3021 iu
687 2972 826 3039 ¹corpore,-
838 2970 886 3023 hoe
899 2976 939 3023 est
955 2971 986 3023 de
1003 2986 1111 3040 corpore
1123 2971 1217 3037 exiret,
1235 2989 1287 3027 uon

123 3054 224 3124 pocomi
235 3053 336 3118 merito,
348 3053 393 3106 sed
406 3053 559 3105 necessitate
572 3060 685 3119 naturae,
698 3054 835 3109 anathema
848 3056 890 3110 sit.

193 3138 345 3208 Quicunque
357 3140 479 3208 parvulos
491 3146 606 3192 recentes
620 3142 652 3192 ab
664 3141 743 3193 uteris
756 3146 869 3193 matrum
881 3141 1048 3211 baptizandos
1061 3149 1153 3213 negat,
1171 3149 1216 3197 aut
1227 3144 1289 3198 dicit
1306 3151 1365 3201 (cnp.
1379 3148 1481 3200 xxnrv.)

124 3225 343 3279 inremissionem
356 3225 461 3294 quidem
471 3217 636 3294 peccatorum
649 3242 693 3279 eos
705 3227 838 3296 baptisari,
850 3227 896 3280 sed
909 3227 974 3280 nihil
985 3244 1018 3280 ex
1030 3228 1113 3281 Adam
1125 3227 1226 3282 trahere
1239 3232 1287 3285 ori·

124 3311 221 3381 ginalis
233 3313 332 3381 peceati
344 3312 413 3381 quod
423 3313 527 3364 lavacro
540 3313 744 3380 regenerationis
756 3312 885 3381 expietur,
903 3312 970 3365 uude
985 3314 1029 3366 ¹fit
1045 3331 1207 3385 consequeus
1219 3317 1285 3369 utin

124 3397 163 3451 eis
173 3396 261 3450 forma
272 3397 434 3466 baptismatis
447 3398 473 3449 iu
485 3397 664 3450 remissionem
675 3403 840 3468 peccaterum
856 3415 909 3451 nou
925 3415 998 3464 vera,
1014 3400 1060 3452 sed
1075 3400 1149 3453 falsa
1159 3402 1287 3470 intelliga-

124 3488 179 3547 tur,
198 3481 338 3535 anathema
352 3483 395 3536 eit.
426 3482 554 3546 Quoniam
572 3500 624 3536 uon
640 3485 715 3537 aliter
731 3484 928 3554 intelligendum
941 3485 1062 3555 estquod
1074 3485 1285 3555 aitlepostorus:

124 3567 176 3621 Per
186 3586 261 3619 annm
273 3567 394 3620 nominem
402 3577 537 3636 peecatum
549 3574 657 3621 intrusit
667 3574 694 3620 r'n
706 3573 834 3634 mundum,
847 3580 928 3640 etper
935 3581 1071 3640 peecatum
1083 3589 1161 3634 more,
1175 3581 1199 3622 st
1208 3576 1248 3623 r'ta
1259 3577 1287 3624 s'n

124 3670 207 3706 oannes
216 3653 328 3705 homines
335 3659 502 3722 pertrurraiit,
520 3658 545 3705 in
558 3674 603 3722 prro
621 3674 703 3709 omnes
711 3666 896 3724 peccaverunt,
913 3657 965 3710 uisi
977 3656 1194 3726 quamadmodum
1206 3657 1285 3709 eccle-

125 3740 166 3799 sia
177 3739 304 3792 catholiea
315 3740 412 3808 ubique
424 3739 518 3791 diffusa
530 3757 631 3810 semper
643 3741 778 3794 intellexit.
799 3742 909 3813 *Propter
922 3741 987 3794 haue
1000 3743 1069 3793 euim
1081 3741 1214 3810 ³regulam
1225 3741 1286 3795 fidei

126 3826 206 3879 etiam
216 3826 326 3895 parvuli,
339 3826 383 3896 qui
396 3824 459 3877 nihil
471 3834 637 3896 peecatorum
648 3827 779 3898 insaipsie
792 3828 875 3882 adhuc
887 3829 1047 3881 committere
1057 3831 1209 3899 potnerunt,
1226 3828 1283 3881 ideo

194 4005 218 4060 2.
231 4005 360 4058 efficiente
372 4009 431 4058 edet.
443 4006 558 4059 Etmnenle

195 4072 268 4195 ιθιι).
280 4073 395 4143 XXXI.)
421 4075 777 4146 VCneIeetine‘papaeept'et.
795 4080 832 4129 nd
844 4078 912 4128 Gall
925 4080 1002 4145 episc
1021 4092 1078 4195 cop.
1092 4074 1135 4127 12.
1189 4075 1211 4128 l.
1224 4064 1283 4129 ceu·

125 4147 179 4197 mm
207 4160 281 4195 mur
293 4143 370 4195 dohet
380 4144 541 4195 coelestin
561 4148 600 4196 rat.
613 4148 684 4214 apud
695 4144 881 4197 Benedictinoe.
944 4145 967 4200 2
997 4160 1049 4196 nau
1069 4146 1156 4198 uadit
1168 4144 1205 4196 El
1205 4145 1282 4200 manle.

124 4210 271 4361 3ιι
277 4210 394 4334 ιιι
401 4211 1091 4351 ‚nitrananinumr
1098 4211 1205 4335 ιιι
1211 4213 1282 4335 ιι

127 4351 258 4471 kya'ture'n
327 4349 494 4400 stlaelesrmt
505 4350 576 4415 apud
588 4349 774 4403 Berredicte'nna.
823 4349 847 4401 2.
857 4348 953 4402 Psalm.
966 4349 1018 4415 CII,
1030 4349 1054 4402 3.
1071 4349 1164 4406 Matth.
1178 4350 1225 4415 Vl,
1239 4351 1279 4406 13.

227 4352 418 4486 apffilll.)
443 4417 580 4470 Μὀιιιιὶ.
594 4416 719 4485 Cartdoy.
738 4417 894 4485 o.PeIay.(
881 4419 1069 4487 (inAnquatins'
1083 4419 1146 4489 Op.
1160 4421 1218 4474 edit.
1232 4419 1281 4472 Be·

127 4415 226 4561 aedicto.
231 4495 286 4538 tom.
299 4484 334 4548 X,
327 4487 501 4618 ,Αῐιιιιιιίιι
517 4484 608 4546 71)
560 4501 595 4552 sq.
595 4487 715 4554 )..copi
769 4485 1263 4556 l.corporehoe1denchtElrnenlr

194 4552 266 4624 (Cap.
279 4553 361 4607 XXX
436 4554 571 4606 VConcil.
590 4552 714 4621 Cartdaq.
732 4554 855 4622 c.Pelaq.
873 4555 970 4625 cup..2
1035 4557 1057 4610 l.
1069 4557 1153 4612 sited.
1165 4557 1279 4613 Elmenlr.

127 4620 280 4688 altonnv,
296 4621 334 4676 12.
386 4622 611 4691 areunculam
623 4624 681 4677 edet.
693 4621 806 4677 Elmenle
