<?xml version="1.0" encoding="UTF-8"?>
<!DOCTYPE html PUBLIC "-//W3C//DTD XHTML 1.0 Transitional//EN"
    "http://www.w3.org/TR/xhtml1/DTD/xhtml1-transitional.dtd">
<html xmlns="http://www.w3.org/1999/xhtml" xml:lang="en" lang="en">
 <head>
  <title>
</title>
<meta http-equiv="Content-Type" content="text/html;charset=utf-8" />
  <meta name='ocr-system' content='tesseract 3.04.00' />
  <meta name='ocr-capabilities' content='ocr_page ocr_carea ocr_par ocr_line ocrx_word'/>
</head>
<body>
  <div class='ocr_page' id='page_1' title='image "./corporishaerese02unkngoog_0318.png"; bbox 0 0 3046 5124; ppageno 0'>
   <div class='ocr_carea' id='block_1_1' title="bbox 506 379 1286 445">
    <p class='ocr_par' dir='ltr' id='par_1_1' title="bbox 506 379 1286 445">
     <span class='ocr_line' id='line_1_1' title="bbox 506 379 1286 445; baseline 0.014 -22"><span class='ocrx_word' id='word_1_1' title='bbox 506 380 905 423; x_wconf 78' lang='lat' dir='ltr'><strong>rsnrcuuusnausaaasmua</strong></span> <span class='ocrx_word' id='word_1_2' title='bbox 1224 379 1286 445; x_wconf 76' lang='lat'><strong>299</strong></span> 
     </span>
    </p>
   </div>
   <div class='ocr_carea' id='block_1_2' title="bbox 133 536 1287 827">
    <p class='ocr_par' dir='ltr' id='par_1_2' title="bbox 133 536 1287 827">
     <span class='ocr_line' id='line_1_2' title="bbox 135 536 1287 624; baseline -0.003 -19"><span class='ocrx_word' id='word_1_3' title='bbox 135 539 236 605; x_wconf 88' lang='lat' dir='ltr'><strong>honae</strong></span> <span class='ocrx_word' id='word_1_4' title='bbox 251 539 454 605; x_wconf 80' lang='lat' dir='ltr'><strong>consessionis</strong></span> <span class='ocrx_word' id='word_1_5' title='bbox 474 540 593 624; x_wconf 90' lang='lat' dir='ltr'><strong>primus</strong></span> <span class='ocrx_word' id='word_1_6' title='bbox 612 540 779 603; x_wconf 93' lang='lat' dir='ltr'><strong>amortuis</strong></span> <span class='ocrx_word' id='word_1_7' title='bbox 797 537 998 617; x_wconf 79' lang='lat' dir='ltr'><strong>⁶suscitatus,</strong></span> <span class='ocrx_word' id='word_1_8' title='bbox 1018 536 1075 601; x_wconf 92' lang='lat' dir='ltr'><strong>deo</strong></span> <span class='ocrx_word' id='word_1_9' title='bbox 1091 537 1287 617; x_wconf 82' lang='lat' dir='ltr'><strong>coniunctus,</strong></span> 
     </span>
     <span class='ocr_line' id='line_1_3' title="bbox 134 637 1284 726; baseline -0.003 -21"><span class='ocrx_word' id='word_1_10' title='bbox 134 641 191 705; x_wconf 84' lang='lat' dir='ltr'><strong>aed</strong></span> <span class='ocrx_word' id='word_1_11' title='bbox 205 647 237 705; x_wconf 89' lang='lat' dir='ltr'><strong>et</strong></span> <span class='ocrx_word' id='word_1_12' title='bbox 251 640 474 726; x_wconf 75' lang='lat' dir='ltr'><strong>&#39;patrocinium</strong></span> <span class='ocrx_word' id='word_1_13' title='bbox 488 662 544 726; x_wconf 92' lang='lat' dir='ltr'><strong>pro</strong></span> <span class='ocrx_word' id='word_1_14' title='bbox 559 641 608 705; x_wconf 88' lang='lat' dir='ltr'><strong>his</strong></span> <span class='ocrx_word' id='word_1_15' title='bbox 623 646 807 726; x_wconf 89' lang='lat' dir='ltr'><strong>perpetuum</strong></span> <span class='ocrx_word' id='word_1_16' title='bbox 822 639 950 703; x_wconf 88' lang='lat' dir='ltr'><strong>daturus</strong></span> <span class='ocrx_word' id='word_1_17' title='bbox 963 641 1014 723; x_wconf 90' lang='lat' dir='ltr'><strong>qui</strong></span> <span class='ocrx_word' id='word_1_18' title='bbox 1026 659 1081 723; x_wconf 92' lang='lat' dir='ltr'><strong>per</strong></span> <span class='ocrx_word' id='word_1_19' title='bbox 1092 640 1158 702; x_wconf 90' lang='lat' dir='ltr'><strong>eius</strong></span> <span class='ocrx_word' id='word_1_20' title='bbox 1170 637 1284 702; x_wconf 90' lang='lat' dir='ltr'><strong>doctri·</strong></span> 
     </span>
     <span class='ocr_line' id='line_1_4' title="bbox 133 740 1285 827; baseline -0.006 -18"><span class='ocrx_word' id='word_1_21' title='bbox 133 764 208 809; x_wconf 83' lang='lat' dir='ltr'><strong>nam</strong></span> <span class='ocrx_word' id='word_1_22' title='bbox 221 746 256 809; x_wconf 90' lang='lat' dir='ltr'><strong>iu</strong></span> <span class='ocrx_word' id='word_1_23' title='bbox 270 744 363 808; x_wconf 89' lang='lat' dir='ltr'><strong>dcurn</strong></span> <span class='ocrx_word' id='word_1_24' title='bbox 377 744 510 808; x_wconf 88' lang='lat' dir='ltr'><strong>fideliter</strong></span> <span class='ocrx_word' id='word_1_25' title='bbox 524 743 656 807; x_wconf 88' lang='lat' dir='ltr'><strong>credunt</strong></span> <span class='ocrx_word' id='word_1_26' title='bbox 675 750 706 807; x_wconf 91' lang='lat' dir='ltr'><strong>et</strong></span> <span class='ocrx_word' id='word_1_27' title='bbox 720 763 797 827; x_wconf 89' lang='lat' dir='ltr'><strong>pura</strong></span> <span class='ocrx_word' id='word_1_28' title='bbox 811 742 868 806; x_wconf 91' lang='lat' dir='ltr'><strong>dee</strong></span> <span class='ocrx_word' id='word_1_29' title='bbox 884 744 1074 806; x_wconf 87' lang='lat' dir='ltr'><strong>conscicntia</strong></span> <span class='ocrx_word' id='word_1_30' title='bbox 1087 740 1285 804; x_wconf 76' lang='lat' dir='ltr'><strong>famulantur.</strong></span> 
     </span>
    </p>
   </div>
   <div class='ocr_carea' id='block_1_3' title="bbox 124 843 1422 4207">
    <p class='ocr_par' dir='ltr' id='par_1_3' title="bbox 128 843 1410 3161">
     <span class='ocr_line' id='line_1_5' title="bbox 195 843 1410 930; baseline -0.002 -20"><span class='ocrx_word' id='word_1_31' title='bbox 195 844 382 930; x_wconf 80' lang='lat' dir='ltr'><strong>Eutychiani</strong></span> <span class='ocrx_word' id='word_1_32' title='bbox 403 846 496 912; x_wconf 83' lang='lat' dir='ltr'><strong>dicti·</strong></span> <span class='ocrx_word' id='word_1_33' title='bbox 515 846 554 910; x_wconf 90' lang='lat' dir='ltr'><strong>ab</strong></span> <span class='ocrx_word' id='word_1_34' title='bbox 569 845 707 928; x_wconf 87' lang='lat' dir='ltr'><strong>Eutyche</strong></span> <span class='ocrx_word' id='word_1_35' title='bbox 723 843 1064 929; x_wconf 75' lang='lat' dir='ltr'><strong>Constantinopolitano</strong></span> <span class='ocrx_word' id='word_1_36' title='bbox 1084 845 1213 924; x_wconf 77' lang='lat' dir='ltr'><strong>abbate,</strong></span> <span class='ocrx_word' id='word_1_37' title='bbox 1233 845 1287 928; x_wconf 90' lang='lat' dir='ltr'><strong>qui</strong></span> <span class='ocrx_word' id='word_1_38' title='bbox 1304 855 1354 907; x_wconf 65' lang='lat' dir='ltr'><strong>cte·</strong></span> <span class='ocrx_word' id='word_1_39' title='bbox 1368 857 1410 898; x_wconf 66' lang='lat' dir='ltr'><strong>u·</strong></span> 
     </span>
     <span class='ocr_line' id='line_1_6' title="bbox 132 939 1286 1034; baseline -0.003 -21"><span class='ocrx_word' id='word_1_40' title='bbox 132 946 293 1013; x_wconf 77' lang='lat' dir='ltr'><strong>Christum</strong></span> <span class='ocrx_word' id='word_1_41' title='bbox 307 955 378 1034; x_wconf 90' lang='lat' dir='ltr'><strong>post</strong></span> <span class='ocrx_word' id='word_1_42' title='bbox 392 948 560 1013; x_wconf 85' lang='lat' dir='ltr'><strong>humanam</strong></span> <span class='ocrx_word' id='word_1_43' title='bbox 573 950 820 1032; x_wconf 76' lang='lat' dir='ltr'><strong>assumptionem</strong></span> <span class='ocrx_word' id='word_1_44' title='bbox 833 949 959 1030; x_wconf 83' lang='lat' dir='ltr'><strong>negavit</strong></span> <span class='ocrx_word' id='word_1_45' title='bbox 972 949 1103 1010; x_wconf 86' lang='lat' dir='ltr'><strong>existere</strong></span> <span class='ocrx_word' id='word_1_46' title='bbox 1116 947 1154 1010; x_wconf 91' lang='lat' dir='ltr'><strong>de</strong></span> <span class='ocrx_word' id='word_1_47' title='bbox 1166 939 1286 1010; x_wconf 88' lang='lat' dir='ltr'><strong>duabus</strong></span> 
     </span>
     <span class='ocr_line' id='line_1_7' title="bbox 131 1046 1285 1132; baseline -0.003 -17"><span class='ocrx_word' id='word_1_48' title='bbox 131 1053 265 1132; x_wconf 85' lang='lat' dir='ltr'><strong>naturis,</strong></span> <span class='ocrx_word' id='word_1_49' title='bbox 280 1050 335 1114; x_wconf 90' lang='lat' dir='ltr'><strong>sed</strong></span> <span class='ocrx_word' id='word_1_50' title='bbox 351 1050 469 1116; x_wconf 89' lang='lat' dir='ltr'><strong>¹solum</strong></span> <span class='ocrx_word' id='word_1_51' title='bbox 482 1053 516 1115; x_wconf 90' lang='lat' dir='ltr'><strong>in</strong></span> <span class='ocrx_word' id='word_1_52' title='bbox 531 1070 567 1115; x_wconf 92' lang='lat' dir='ltr'><strong>eo</strong></span> <span class='ocrx_word' id='word_1_53' title='bbox 587 1050 725 1114; x_wconf 86' lang='lat' dir='ltr'><strong>divinam</strong></span> <span class='ocrx_word' id='word_1_54' title='bbox 743 1051 876 1114; x_wconf 89' lang='lat' dir='ltr'><strong>asseruit</strong></span> <span class='ocrx_word' id='word_1_55' title='bbox 896 1069 964 1113; x_wconf 93' lang='lat' dir='ltr'><strong>esse</strong></span> <span class='ocrx_word' id='word_1_56' title='bbox 984 1053 1135 1114; x_wconf 89' lang='lat' dir='ltr'><strong>naturam.</strong></span> <span class='ocrx_word' id='word_1_57' title='bbox 1172 1046 1285 1131; x_wconf 76' lang='lat' dir='ltr'><strong>²Euty·</strong></span> 
     </span>
     <span class='ocr_line' id='line_1_8' title="bbox 133 1151 1286 1236; baseline -0.002 -19"><span class='ocrx_word' id='word_1_58' title='bbox 133 1151 237 1217; x_wconf 88' lang='lat' dir='ltr'><strong>chitae</strong></span> <span class='ocrx_word' id='word_1_59' title='bbox 253 1152 361 1218; x_wconf 90' lang='lat' dir='ltr'><strong>dicunt</strong></span> <span class='ocrx_word' id='word_1_60' title='bbox 376 1153 536 1218; x_wconf 83' lang='lat' dir='ltr'><strong>domiuuin</strong></span> <span class='ocrx_word' id='word_1_61' title='bbox 552 1152 658 1217; x_wconf 90' lang='lat' dir='ltr'><strong>Iesum</strong></span> <span class='ocrx_word' id='word_1_62' title='bbox 677 1172 784 1216; x_wconf 89' lang='lat' dir='ltr'><strong>verum</strong></span> <span class='ocrx_word' id='word_1_63' title='bbox 804 1151 930 1236; x_wconf 92' lang='lat' dir='ltr'><strong>quidem</strong></span> <span class='ocrx_word' id='word_1_64' title='bbox 949 1151 1042 1216; x_wconf 92' lang='lat' dir='ltr'><strong>deum</strong></span> <span class='ocrx_word' id='word_1_65' title='bbox 1063 1172 1101 1214; x_wconf 84' lang='lat' dir='ltr'><strong>ex</strong></span> <span class='ocrx_word' id='word_1_66' title='bbox 1120 1153 1239 1235; x_wconf 82' lang='lat' dir='ltr'><strong>virgine</strong></span> <span class='ocrx_word' id='word_1_67' title='bbox 1255 1157 1286 1215; x_wconf 91' lang='lat' dir='ltr'><strong>et</strong></span> 
     </span>
     <span class='ocr_line' id='line_1_9' title="bbox 131 1254 1287 1341; baseline -0.003 -21"><span class='ocrx_word' id='word_1_68' title='bbox 131 1257 166 1320; x_wconf 89' lang='lat' dir='ltr'><strong>in</strong></span> <span class='ocrx_word' id='word_1_69' title='bbox 180 1276 255 1321; x_wconf 84' lang='lat' dir='ltr'><strong>vero</strong></span> <span class='ocrx_word' id='word_1_70' title='bbox 271 1276 397 1341; x_wconf 91' lang='lat' dir='ltr'><strong>corpore</strong></span> <span class='ocrx_word' id='word_1_71' title='bbox 411 1261 533 1336; x_wconf 89' lang='lat' dir='ltr'><strong>natum,</strong></span> <span class='ocrx_word' id='word_1_72' title='bbox 548 1275 610 1320; x_wconf 94' lang='lat' dir='ltr'><strong>non</strong></span> <span class='ocrx_word' id='word_1_73' title='bbox 626 1257 779 1319; x_wconf 90' lang='lat' dir='ltr'><strong>tamenin</strong></span> <span class='ocrx_word' id='word_1_74' title='bbox 795 1254 922 1318; x_wconf 93' lang='lat' dir='ltr'><strong>humani</strong></span> <span class='ocrx_word' id='word_1_75' title='bbox 936 1257 1058 1336; x_wconf 85' lang='lat' dir='ltr'><strong>generis</strong></span> <span class='ocrx_word' id='word_1_76' title='bbox 1073 1275 1176 1336; x_wconf 88' lang='lat' dir='ltr'><strong>carne,</strong></span> <span class='ocrx_word' id='word_1_77' title='bbox 1191 1254 1224 1318; x_wconf 93' lang='lat' dir='ltr'><strong>id</strong></span> <span class='ocrx_word' id='word_1_78' title='bbox 1239 1259 1287 1317; x_wconf 93' lang='lat' dir='ltr'><strong>est</strong></span> 
     </span>
     <span class='ocr_line' id='line_1_10' title="bbox 132 1356 1285 1441; baseline -0.003 -19"><span class='ocrx_word' id='word_1_79' title='bbox 132 1378 197 1422; x_wconf 91' lang='lat' dir='ltr'><strong>uon</strong></span> <span class='ocrx_word' id='word_1_80' title='bbox 212 1378 251 1420; x_wconf 83' lang='lat' dir='ltr'><strong>ex</strong></span> <span class='ocrx_word' id='word_1_81' title='bbox 266 1379 357 1421; x_wconf 90' lang='lat' dir='ltr'><strong>carne</strong></span> <span class='ocrx_word' id='word_1_82' title='bbox 372 1360 501 1441; x_wconf 83' lang='lat' dir='ltr'><strong>virginis</strong></span> <span class='ocrx_word' id='word_1_83' title='bbox 517 1378 642 1421; x_wconf 89' lang='lat' dir='ltr'><strong>carnem</strong></span> <span class='ocrx_word' id='word_1_84' title='bbox 657 1359 800 1438; x_wconf 78' lang='lat' dir='ltr'><strong>traxisse,</strong></span> <span class='ocrx_word' id='word_1_85' title='bbox 815 1356 872 1421; x_wconf 92' lang='lat' dir='ltr'><strong>sed</strong></span> <span class='ocrx_word' id='word_1_86' title='bbox 886 1359 975 1439; x_wconf 90' lang='lat' dir='ltr'><strong>quasi</strong></span> <span class='ocrx_word' id='word_1_87' title='bbox 990 1357 1028 1420; x_wconf 88' lang='lat' dir='ltr'><strong>de</strong></span> <span class='ocrx_word' id='word_1_88' title='bbox 1041 1356 1124 1421; x_wconf 90' lang='lat' dir='ltr'><strong>caelo</strong></span> <span class='ocrx_word' id='word_1_89' title='bbox 1136 1356 1285 1421; x_wconf 81' lang='lat' dir='ltr'><strong>exhibue-</strong></span> 
     </span>
     <span class='ocr_line' id='line_1_11' title="bbox 132 1457 1285 1545; baseline -0.001 -22"><span class='ocrx_word' id='word_1_90' title='bbox 132 1461 175 1524; x_wconf 89' lang='lat' dir='ltr'><strong>rit</strong></span> <span class='ocrx_word' id='word_1_91' title='bbox 188 1479 316 1545; x_wconf 89' lang='lat' dir='ltr'><strong>corpus,</strong></span> <span class='ocrx_word' id='word_1_92' title='bbox 336 1461 419 1544; x_wconf 91' lang='lat' dir='ltr'><strong>quod</strong></span> <span class='ocrx_word' id='word_1_93' title='bbox 437 1463 565 1543; x_wconf 81' lang='lat' dir='ltr'><strong>virginis</strong></span> <span class='ocrx_word' id='word_1_94' title='bbox 585 1459 783 1524; x_wconf 90' lang='lat' dir='ltr'><strong>interioribus</strong></span> <span class='ocrx_word' id='word_1_95' title='bbox 804 1458 959 1523; x_wconf 88' lang='lat' dir='ltr'><strong>reclusum</strong></span> <span class='ocrx_word' id='word_1_96' title='bbox 978 1461 1012 1523; x_wconf 94' lang='lat' dir='ltr'><strong>in</strong></span> <span class='ocrx_word' id='word_1_97' title='bbox 1031 1457 1200 1523; x_wconf 87' lang='lat' dir='ltr'><strong>humanam</strong></span> <span class='ocrx_word' id='word_1_98' title='bbox 1213 1480 1285 1543; x_wconf 92' lang='lat' dir='ltr'><strong>spe-</strong></span> 
     </span>
     <span class='ocr_line' id='line_1_12' title="bbox 132 1561 1287 1647; baseline -0.002 -21"><span class='ocrx_word' id='word_1_99' title='bbox 132 1563 214 1626; x_wconf 88' lang='lat' dir='ltr'><strong>eiem</strong></span> <span class='ocrx_word' id='word_1_100' title='bbox 228 1563 405 1626; x_wconf 77' lang='lat' dir='ltr'><strong>formaverit</strong></span> <span class='ocrx_word' id='word_1_101' title='bbox 420 1569 451 1627; x_wconf 90' lang='lat' dir='ltr'><strong>et</strong></span> <span class='ocrx_word' id='word_1_102' title='bbox 465 1566 497 1627; x_wconf 94' lang='lat' dir='ltr'><strong>in</strong></span> <span class='ocrx_word' id='word_1_103' title='bbox 513 1565 580 1647; x_wconf 88' lang='lat' dir='ltr'><strong>ipso</strong></span> <span class='ocrx_word' id='word_1_104' title='bbox 596 1568 687 1626; x_wconf 89' lang='lat' dir='ltr'><strong>natus</strong></span> <span class='ocrx_word' id='word_1_105' title='bbox 702 1565 744 1626; x_wconf 89' lang='lat' dir='ltr'><strong>sit</strong></span> <span class='ocrx_word' id='word_1_106' title='bbox 758 1562 833 1626; x_wconf 90' lang='lat' dir='ltr'><strong>deus</strong></span> <span class='ocrx_word' id='word_1_107' title='bbox 849 1564 881 1625; x_wconf 92' lang='lat' dir='ltr'><strong>iu</strong></span> <span class='ocrx_word' id='word_1_108' title='bbox 893 1561 1130 1625; x_wconf 88' lang='lat' dir='ltr'><strong>similitudinem</strong></span> <span class='ocrx_word' id='word_1_109' title='bbox 1140 1561 1287 1642; x_wconf 90' lang='lat' dir='ltr'><strong>hominis,</strong></span> 
     </span>
     <span class='ocr_line' id='line_1_13' title="bbox 131 1652 1285 1750; baseline -0.003 -22"><span class='ocrx_word' id='word_1_110' title='bbox 131 1663 265 1750; x_wconf 86' lang='lat' dir='ltr'><strong>apostoli</strong></span> <span class='ocrx_word' id='word_1_111' title='bbox 279 1652 319 1728; x_wconf 90' lang='lat' dir='ltr'><strong>ad</strong></span> <span class='ocrx_word' id='word_1_112' title='bbox 329 1665 388 1729; x_wconf 93' lang='lat' dir='ltr'><strong>hoc</strong></span> <span class='ocrx_word' id='word_1_113' title='bbox 399 1667 613 1729; x_wconf 89' lang='lat' dir='ltr'><strong>testimonium</strong></span> <span class='ocrx_word' id='word_1_114' title='bbox 624 1685 718 1728; x_wconf 91' lang='lat' dir='ltr'><strong>sensu</strong></span> <span class='ocrx_word' id='word_1_115' title='bbox 729 1666 824 1749; x_wconf 91' lang='lat' dir='ltr'><strong>impio</strong></span> <span class='ocrx_word' id='word_1_116' title='bbox 836 1665 1038 1749; x_wconf 81' lang='lat' dir='ltr'><strong>proferentes,</strong></span> <span class='ocrx_word' id='word_1_117' title='bbox 1053 1663 1135 1746; x_wconf 90' lang='lat' dir='ltr'><strong>quod</strong></span> <span class='ocrx_word' id='word_1_118' title='bbox 1146 1662 1184 1726; x_wconf 90' lang='lat' dir='ltr'><strong>de</strong></span> <span class='ocrx_word' id='word_1_119' title='bbox 1197 1663 1285 1726; x_wconf 90' lang='lat' dir='ltr'><strong>Chri·</strong></span> 
     </span>
     <span class='ocr_line' id='line_1_14' title="bbox 132 1764 1286 1851; baseline -0.002 -21"><span class='ocrx_word' id='word_1_120' title='bbox 132 1768 174 1831; x_wconf 87' lang='lat' dir='ltr'><strong>sti</strong></span> <span class='ocrx_word' id='word_1_121' title='bbox 187 1768 402 1831; x_wconf 84' lang='lat' dir='ltr'><strong>incarnatione</strong></span> <span class='ocrx_word' id='word_1_122' title='bbox 417 1767 547 1851; x_wconf 91' lang='lat' dir='ltr'><strong>loquens</strong></span> <span class='ocrx_word' id='word_1_123' title='bbox 562 1767 685 1846; x_wconf 79' lang='lat' dir='ltr'><strong>dixerit,</strong></span> <span class='ocrx_word' id='word_1_124' title='bbox 700 1767 737 1831; x_wconf 91' lang='lat' dir='ltr'><strong>In</strong></span> <span class='ocrx_word' id='word_1_125' title='bbox 753 1765 1009 1829; x_wconf 78' lang='lat' dir='ltr'><strong>similitudinemb</strong></span> <span class='ocrx_word' id='word_1_126' title='bbox 1024 1765 1160 1829; x_wconf 88' lang='lat' dir='ltr'><strong>hominis</strong></span> <span class='ocrx_word' id='word_1_127' title='bbox 1175 1764 1286 1846; x_wconf 88' lang='lat' dir='ltr'><strong>factus,</strong></span> 
     </span>
     <span class='ocr_line' id='line_1_15' title="bbox 132 1866 1287 1953; baseline -0.001 -22"><span class='ocrx_word' id='word_1_128' title='bbox 132 1874 164 1931; x_wconf 89' lang='lat' dir='ltr'><strong>et</strong></span> <span class='ocrx_word' id='word_1_129' title='bbox 178 1867 287 1932; x_wconf 86' lang='lat' dir='ltr'><strong>hahita</strong></span> <span class='ocrx_word' id='word_1_130' title='bbox 302 1875 442 1953; x_wconf 90' lang='lat' dir='ltr'><strong>repertus</strong></span> <span class='ocrx_word' id='word_1_131' title='bbox 462 1874 497 1932; x_wconf 93' lang='lat' dir='ltr'><strong>ut</strong></span> <span class='ocrx_word' id='word_1_132' title='bbox 515 1869 623 1945; x_wconf 83' lang='lat' dir='ltr'><strong>hom03</strong></span> <span class='ocrx_word' id='word_1_133' title='bbox 644 1875 676 1930; x_wconf 89' lang='lat' dir='ltr'><strong>et</strong></span> <span class='ocrx_word' id='word_1_134' title='bbox 695 1869 754 1932; x_wconf 90' lang='lat' dir='ltr'><strong>alio</strong></span> <span class='ocrx_word' id='word_1_135' title='bbox 771 1868 853 1949; x_wconf 91' lang='lat' dir='ltr'><strong>loco,</strong></span> <span class='ocrx_word' id='word_1_136' title='bbox 872 1868 996 1932; x_wconf 89' lang='lat' dir='ltr'><strong>Primus</strong></span> <span class='ocrx_word' id='word_1_137' title='bbox 1015 1866 1107 1931; x_wconf 90' lang='lat' dir='ltr'><strong>homo</strong></span> <span class='ocrx_word' id='word_1_138' title='bbox 1126 1866 1182 1931; x_wconf 69' lang='lat' dir='ltr'><strong>8de</strong></span> <span class='ocrx_word' id='word_1_139' title='bbox 1201 1879 1287 1931; x_wconf 79' lang='lat' dir='ltr'><strong>terra</strong></span> 
     </span>
     <span class='ocr_line' id='line_1_16' title="bbox 130 1969 1285 2052; baseline -0.002 -18"><span class='ocrx_word' id='word_1_140' title='bbox 130 1980 284 2051; x_wconf 72' lang='lat' dir='ltr'><strong>terrenae,</strong></span> <span class='ocrx_word' id='word_1_141' title='bbox 299 1971 451 2034; x_wconf 79' lang='lat' dir='ltr'><strong>secandas</strong></span> <span class='ocrx_word' id='word_1_142' title='bbox 466 1971 554 2034; x_wconf 84' lang='lat' dir='ltr'><strong>homo</strong></span> <span class='ocrx_word' id='word_1_143' title='bbox 571 1970 608 2035; x_wconf 90' lang='lat' dir='ltr'><strong>de</strong></span> <span class='ocrx_word' id='word_1_144' title='bbox 624 1970 709 2035; x_wconf 89' lang='lat' dir='ltr'><strong>caelo</strong></span> <span class='ocrx_word' id='word_1_145' title='bbox 726 1969 897 2034; x_wconf 72' lang='lat' dir='ltr'><strong>caelestis0.</strong></span> <span class='ocrx_word' id='word_1_146' title='bbox 927 1971 1022 2052; x_wconf 87' lang='lat' dir='ltr'><strong>Ecce,</strong></span> <span class='ocrx_word' id='word_1_147' title='bbox 1037 1972 1138 2052; x_wconf 90' lang='lat' dir='ltr'><strong>aiunt,</strong></span> <span class='ocrx_word' id='word_1_148' title='bbox 1153 1969 1285 2034; x_wconf 91' lang='lat' dir='ltr'><strong>caeleste</strong></span> 
     </span>
     <span class='ocr_line' id='line_1_17' title="bbox 131 2072 1286 2158; baseline -0.002 -20"><span class='ocrx_word' id='word_1_149' title='bbox 131 2091 244 2158; x_wconf 87' lang='lat' dir='ltr'><strong>corpus</strong></span> <span class='ocrx_word' id='word_1_150' title='bbox 260 2073 418 2137; x_wconf 90' lang='lat' dir='ltr'><strong>hominem</strong></span> <span class='ocrx_word' id='word_1_151' title='bbox 433 2072 602 2157; x_wconf 87' lang='lat' dir='ltr'><strong>appellavit</strong></span> <span class='ocrx_word' id='word_1_152' title='bbox 616 2072 789 2157; x_wconf 87' lang='lat' dir='ltr'><strong>apostolus,</strong></span> <span class='ocrx_word' id='word_1_153' title='bbox 810 2093 902 2156; x_wconf 91' lang='lat' dir='ltr'><strong>quern</strong></span> <span class='ocrx_word' id='word_1_154' title='bbox 922 2072 991 2136; x_wconf 88' lang='lat' dir='ltr'><strong>ideo</strong></span> <span class='ocrx_word' id='word_1_155' title='bbox 1007 2077 1133 2156; x_wconf 88' lang='lat' dir='ltr'><strong>peccato</strong></span> <span class='ocrx_word' id='word_1_156' title='bbox 1150 2075 1286 2136; x_wconf 88' lang='lat' dir='ltr'><strong>caruisse</strong></span> 
     </span>
     <span class='ocr_line' id='line_1_18' title="bbox 130 2175 1284 2259; baseline -0.001 -20"><span class='ocrx_word' id='word_1_157' title='bbox 130 2180 265 2239; x_wconf 84' lang='lat' dir='ltr'><strong>testatus</strong></span> <span class='ocrx_word' id='word_1_158' title='bbox 282 2181 344 2256; x_wconf 86' lang='lat' dir='ltr'><strong>est,</strong></span> <span class='ocrx_word' id='word_1_159' title='bbox 364 2178 437 2258; x_wconf 88' lang='lat' dir='ltr'><strong>quia</strong></span> <span class='ocrx_word' id='word_1_160' title='bbox 452 2195 578 2239; x_wconf 92' lang='lat' dir='ltr'><strong>carnem</strong></span> <span class='ocrx_word' id='word_1_161' title='bbox 592 2175 750 2258; x_wconf 82' lang='lat' dir='ltr'><strong>originalis</strong></span> <span class='ocrx_word' id='word_1_162' title='bbox 769 2176 892 2259; x_wconf 88' lang='lat' dir='ltr'><strong>peccati</strong></span> <span class='ocrx_word' id='word_1_163' title='bbox 907 2175 1072 2238; x_wconf 81' lang='lat' dir='ltr'><strong>obnoxiam</strong></span> <span class='ocrx_word' id='word_1_164' title='bbox 1086 2194 1149 2238; x_wconf 92' lang='lat' dir='ltr'><strong>uon</strong></span> <span class='ocrx_word' id='word_1_165' title='bbox 1164 2195 1284 2238; x_wconf 86' lang='lat' dir='ltr'><strong>assum·</strong></span> 
     </span>
     <span class='ocr_line' id='line_1_19' title="bbox 130 2276 1286 2363; baseline -0.001 -22"><span class='ocrx_word' id='word_1_166' title='bbox 130 2279 244 2363; x_wconf 90' lang='lat' dir='ltr'><strong>pserit,</strong></span> <span class='ocrx_word' id='word_1_167' title='bbox 265 2276 320 2341; x_wconf 90' lang='lat' dir='ltr'><strong>sed</strong></span> <span class='ocrx_word' id='word_1_168' title='bbox 341 2298 450 2362; x_wconf 89' lang='lat' dir='ltr'><strong>corpus</strong></span> <span class='ocrx_word' id='word_1_169' title='bbox 472 2278 572 2341; x_wconf 91' lang='lat' dir='ltr'><strong>simile</strong></span> <span class='ocrx_word' id='word_1_170' title='bbox 593 2280 695 2341; x_wconf 90' lang='lat' dir='ltr'><strong>caruis</strong></span> <span class='ocrx_word' id='word_1_171' title='bbox 714 2280 848 2362; x_wconf 81' lang='lat' dir='ltr'><strong>peccati3</strong></span> <span class='ocrx_word' id='word_1_172' title='bbox 870 2282 902 2340; x_wconf 91' lang='lat' dir='ltr'><strong>et</strong></span> <span class='ocrx_word' id='word_1_173' title='bbox 920 2276 992 2340; x_wconf 89' lang='lat' dir='ltr'><strong>indo</strong></span> <span class='ocrx_word' id='word_1_174' title='bbox 1012 2296 1081 2340; x_wconf 90' lang='lat' dir='ltr'><strong>esse</strong></span> <span class='ocrx_word' id='word_1_175' title='bbox 1101 2278 1188 2339; x_wconf 89' lang='lat' dir='ltr'><strong>aiunt</strong></span> <span class='ocrx_word' id='word_1_176' title='bbox 1203 2276 1286 2359; x_wconf 93' lang='lat' dir='ltr'><strong>quod</strong></span> 
     </span>
     <span class='ocr_line' id='line_1_20' title="bbox 131 2377 1287 2465; baseline -0.002 -21"><span class='ocrx_word' id='word_1_177' title='bbox 131 2400 203 2444; x_wconf 88' lang='lat' dir='ltr'><strong>caro</strong></span> <span class='ocrx_word' id='word_1_178' title='bbox 222 2378 360 2442; x_wconf 88' lang='lat' dir='ltr'><strong>humana</strong></span> <span class='ocrx_word' id='word_1_179' title='bbox 379 2380 520 2462; x_wconf 83' lang='lat' dir='ltr'><strong>originali</strong></span> <span class='ocrx_word' id='word_1_180' title='bbox 539 2381 573 2444; x_wconf 93' lang='lat' dir='ltr'><strong>iu</strong></span> <span class='ocrx_word' id='word_1_181' title='bbox 593 2381 748 2465; x_wconf 88' lang='lat' dir='ltr'><strong>baptismo</strong></span> <span class='ocrx_word' id='word_1_182' title='bbox 769 2379 912 2444; x_wconf 89' lang='lat' dir='ltr'><strong>absoluta</strong></span> <span class='ocrx_word' id='word_1_183' title='bbox 935 2385 1062 2464; x_wconf 88' lang='lat' dir='ltr'><strong>peccato</strong></span> <span class='ocrx_word' id='word_1_184' title='bbox 1082 2377 1183 2442; x_wconf 89' lang='lat' dir='ltr'><strong>adhuc</strong></span> <span class='ocrx_word' id='word_1_185' title='bbox 1202 2378 1287 2442; x_wconf 86' lang='lat' dir='ltr'><strong>velut</strong></span> 
     </span>
     <span class='ocr_line' id='line_1_21' title="bbox 131 2480 1284 2566; baseline -0.002 -20"><span class='ocrx_word' id='word_1_186' title='bbox 131 2488 244 2547; x_wconf 89' lang='lat' dir='ltr'><strong>natura</strong></span> <span class='ocrx_word' id='word_1_187' title='bbox 258 2485 372 2544; x_wconf 90' lang='lat' dir='ltr'><strong>retinet</strong></span> <span class='ocrx_word' id='word_1_188' title='bbox 386 2485 577 2546; x_wconf 89' lang='lat' dir='ltr'><strong>incentivum</strong></span> <span class='ocrx_word' id='word_1_189' title='bbox 592 2483 727 2566; x_wconf 89' lang='lat' dir='ltr'><strong>peccati,</strong></span> <span class='ocrx_word' id='word_1_190' title='bbox 747 2482 830 2566; x_wconf 89' lang='lat' dir='ltr'><strong>quod</strong></span> <span class='ocrx_word' id='word_1_191' title='bbox 849 2484 916 2545; x_wconf 89' lang='lat' dir='ltr'><strong>eius</strong></span> <span class='ocrx_word' id='word_1_192' title='bbox 930 2483 1059 2545; x_wconf 91' lang='lat' dir='ltr'><strong>minime</strong></span> <span class='ocrx_word' id='word_1_193' title='bbox 1074 2483 1107 2545; x_wconf 95' lang='lat' dir='ltr'><strong>in</strong></span> <span class='ocrx_word' id='word_1_194' title='bbox 1123 2480 1284 2565; x_wconf 87' lang='lat' dir='ltr'><strong>dispeusa-</strong></span> 
     </span>
     <span class='ocr_line' id='line_1_22' title="bbox 128 2584 1284 2669; baseline -0.003 -20"><span class='ocrx_word' id='word_1_195' title='bbox 128 2587 217 2648; x_wconf 90' lang='lat' dir='ltr'><strong>tione</strong></span> <span class='ocrx_word' id='word_1_196' title='bbox 229 2587 453 2648; x_wconf 90' lang='lat' dir='ltr'><strong>incarnationis</strong></span> <span class='ocrx_word' id='word_1_197' title='bbox 463 2585 603 2648; x_wconf 89' lang='lat' dir='ltr'><strong>Christus</strong></span> <span class='ocrx_word' id='word_1_198' title='bbox 617 2605 741 2649; x_wconf 88' lang='lat' dir='ltr'><strong>carnem</strong></span> <span class='ocrx_word' id='word_1_199' title='bbox 753 2587 935 2669; x_wconf 86' lang='lat' dir='ltr'><strong>susceperit,</strong></span> <span class='ocrx_word' id='word_1_200' title='bbox 947 2586 1034 2648; x_wconf 89' lang='lat' dir='ltr'><strong>cuius</strong></span> <span class='ocrx_word' id='word_1_201' title='bbox 1046 2585 1193 2647; x_wconf 88' lang='lat' dir='ltr'><strong>societate</strong></span> <span class='ocrx_word' id='word_1_202' title='bbox 1206 2584 1284 2646; x_wconf 90' lang='lat' dir='ltr'><strong>libe-</strong></span> 
     </span>
     <span class='ocr_line' id='line_1_23' title="bbox 129 2686 1284 2773; baseline -0.001 -23"><span class='ocrx_word' id='word_1_203' title='bbox 129 2689 192 2750; x_wconf 86' lang='lat' dir='ltr'><strong>rari</strong></span> <span class='ocrx_word' id='word_1_204' title='bbox 206 2688 332 2773; x_wconf 89' lang='lat' dir='ltr'><strong>penitus</strong></span> <span class='ocrx_word' id='word_1_205' title='bbox 347 2689 482 2771; x_wconf 91' lang='lat' dir='ltr'><strong>potuerit</strong></span> <span class='ocrx_word' id='word_1_206' title='bbox 496 2687 631 2751; x_wconf 87' lang='lat' dir='ltr'><strong>stimulis</strong></span> <span class='ocrx_word' id='word_1_207' title='bbox 647 2689 793 2752; x_wconf 91' lang='lat' dir='ltr'><strong>vitiorum</strong></span> <span class='ocrx_word' id='word_1_208' title='bbox 807 2686 893 2751; x_wconf 89' lang='lat' dir='ltr'><strong>Adae</strong></span> <span class='ocrx_word' id='word_1_209' title='bbox 909 2689 1173 2770; x_wconf 88' lang='lat' dir='ltr'><strong>praevaricatione</strong></span> <span class='ocrx_word' id='word_1_210' title='bbox 1189 2706 1284 2770; x_wconf 91' lang='lat' dir='ltr'><strong>quae·</strong></span> 
     </span>
     <span class='ocr_line' id='line_1_24' title="bbox 129 2788 1287 2873; baseline -0.001 -21"><span class='ocrx_word' id='word_1_211' title='bbox 129 2791 211 2853; x_wconf 87' lang='lat' dir='ltr'><strong>sitis.</strong></span> <span class='ocrx_word' id='word_1_212' title='bbox 232 2789 332 2853; x_wconf 86' lang='lat' dir='ltr'><strong>Huius</strong></span> <span class='ocrx_word' id='word_1_213' title='bbox 347 2788 519 2872; x_wconf 83' lang='lat' dir='ltr'><strong>⁴Eutyehes</strong></span> <span class='ocrx_word' id='word_1_214' title='bbox 534 2790 672 2854; x_wconf 89' lang='lat' dir='ltr'><strong>haeresis</strong></span> <span class='ocrx_word' id='word_1_215' title='bbox 688 2796 795 2854; x_wconf 86' lang='lat' dir='ltr'><strong>auctor</strong></span> <span class='ocrx_word' id='word_1_216' title='bbox 809 2789 978 2853; x_wconf 87' lang='lat' dir='ltr'><strong>ambitione</strong></span> <span class='ocrx_word' id='word_1_217' title='bbox 994 2791 1190 2873; x_wconf 87' lang='lat' dir='ltr'><strong>episcopatus</strong></span> <span class='ocrx_word' id='word_1_218' title='bbox 1205 2809 1287 2853; x_wconf 88' lang='lat' dir='ltr'><strong>nova</strong></span> 
     </span>
     <span class='ocr_line' id='line_1_25' title="bbox 128 2891 1284 2977; baseline 0.001 -23"><span class='ocrx_word' id='word_1_219' title='bbox 128 2910 350 2977; x_wconf 88' lang='lat' dir='ltr'><strong>praesumens,</strong></span> <span class='ocrx_word' id='word_1_220' title='bbox 378 2898 410 2954; x_wconf 91' lang='lat' dir='ltr'><strong>et</strong></span> <span class='ocrx_word' id='word_1_221' title='bbox 435 2898 578 2957; x_wconf 90' lang='lat' dir='ltr'><strong>sanctum</strong></span> <span class='ocrx_word' id='word_1_222' title='bbox 603 2892 784 2956; x_wconf 89' lang='lat' dir='ltr'><strong>Flavianum</strong></span> <span class='ocrx_word' id='word_1_223' title='bbox 809 2891 1171 2975; x_wconf 81' lang='lat' dir='ltr'><strong>Constantinopolitanae</strong></span> <span class='ocrx_word' id='word_1_224' title='bbox 1197 2892 1284 2955; x_wconf 93' lang='lat' dir='ltr'><strong>urhis</strong></span> 
     </span>
     <span class='ocr_line' id='line_1_26' title="bbox 128 2993 1284 3079; baseline 0 -20"><span class='ocrx_word' id='word_1_225' title='bbox 128 2995 309 3079; x_wconf 82' lang='lat' dir='ltr'><strong>pontificem</strong></span> <span class='ocrx_word' id='word_1_226' title='bbox 318 2993 439 3058; x_wconf 79' lang='lat' dir='ltr'><strong>exulem</strong></span> <span class='ocrx_word' id='word_1_227' title='bbox 447 2997 525 3057; x_wconf 92' lang='lat' dir='ltr'><strong>rnori</strong></span> <span class='ocrx_word' id='word_1_228' title='bbox 537 2995 620 3075; x_wconf 87' lang='lat' dir='ltr'><strong>iecit,</strong></span> <span class='ocrx_word' id='word_1_229' title='bbox 632 2993 906 3058; x_wconf 78' lang='lat' dir='ltr'><strong>et⁵Alexaudriuis</strong></span> <span class='ocrx_word' id='word_1_230' title='bbox 918 2993 1119 3058; x_wconf 88' lang='lat' dir='ltr'><strong>discessionis</strong></span> <span class='ocrx_word' id='word_1_231' title='bbox 1131 2994 1171 3058; x_wconf 91' lang='lat' dir='ltr'><strong>ab</strong></span> <span class='ocrx_word' id='word_1_232' title='bbox 1183 2995 1284 3061; x_wconf 88' lang='lat' dir='ltr'><strong>eecle-</strong></span> 
     </span>
     <span class='ocr_line' id='line_1_27' title="bbox 129 3095 514 3161; baseline -0.003 -1"><span class='ocrx_word' id='word_1_233' title='bbox 129 3099 177 3160; x_wconf 89' lang='lat' dir='ltr'><strong>sia</strong></span> <span class='ocrx_word' id='word_1_234' title='bbox 191 3095 402 3161; x_wconf 86' lang='lat' dir='ltr'><strong>⁶cccasionem</strong></span> <span class='ocrx_word' id='word_1_235' title='bbox 419 3097 514 3161; x_wconf 91' lang='lat' dir='ltr'><strong>dedit.</strong></span> 
     </span>
    </p>

    <p class='ocr_par' dir='ltr' id='par_1_4' title="bbox 125 3199 1422 3798">
     <span class='ocr_line' id='line_1_28' title="bbox 192 3199 1422 3284; baseline 0.002 -21"><span class='ocrx_word' id='word_1_236' title='bbox 192 3199 410 3263; x_wconf 84' lang='lat' dir='ltr'><strong>Timotheani·</strong></span> <span class='ocrx_word' id='word_1_237' title='bbox 425 3200 533 3264; x_wconf 89' lang='lat' dir='ltr'><strong>dicunt</strong></span> <span class='ocrx_word' id='word_1_238' title='bbox 547 3199 645 3262; x_wconf 89' lang='lat' dir='ltr'><strong>filium</strong></span> <span class='ocrx_word' id='word_1_239' title='bbox 660 3200 711 3263; x_wconf 90' lang='lat' dir='ltr'><strong>dei</strong></span> <span class='ocrx_word' id='word_1_240' title='bbox 726 3200 850 3263; x_wconf 89' lang='lat' dir='ltr'><strong>¹verum</strong></span> <span class='ocrx_word' id='word_1_241' title='bbox 866 3200 991 3284; x_wconf 88' lang='lat' dir='ltr'><strong>quidem</strong></span> <span class='ocrx_word' id='word_1_242' title='bbox 1002 3201 1161 3265; x_wconf 90' lang='lat' dir='ltr'><strong>hominem</strong></span> <span class='ocrx_word' id='word_1_243' title='bbox 1173 3222 1211 3266; x_wconf 84' lang='lat' dir='ltr'><strong>ex</strong></span> <span class='ocrx_word' id='word_1_244' title='bbox 1222 3205 1285 3266; x_wconf 91' lang='lat' dir='ltr'><strong>vir·</strong></span> <span class='ocrx_word' id='word_1_245' title='bbox 1304 3206 1354 3259; x_wconf 68' lang='lat'>⁰⁸1³·</span> <span class='ocrx_word' id='word_1_246' title='bbox 1368 3207 1422 3249; x_wconf 59' lang='grc' dir='ltr'><strong>ΧΗ·</strong></span> 
     </span>
     <span class='ocr_line' id='line_1_29' title="bbox 128 3302 1286 3387; baseline 0.004 -22"><span class='ocrx_word' id='word_1_247' title='bbox 128 3304 200 3385; x_wconf 82' lang='lat' dir='ltr'><strong>gine</strong></span> <span class='ocrx_word' id='word_1_248' title='bbox 215 3302 313 3366; x_wconf 87' lang='lat' dir='ltr'><strong>Maria</strong></span> <span class='ocrx_word' id='word_1_249' title='bbox 326 3309 451 3383; x_wconf 91' lang='lat' dir='ltr'><strong>natum,</strong></span> <span class='ocrx_word' id='word_1_250' title='bbox 470 3302 525 3366; x_wconf 89' lang='lat' dir='ltr'><strong>sed</strong></span> <span class='ocrx_word' id='word_1_251' title='bbox 541 3325 603 3367; x_wconf 90' lang='lat' dir='ltr'><strong>non</strong></span> <span class='ocrx_word' id='word_1_252' title='bbox 618 3306 662 3366; x_wconf 90' lang='lat' dir='ltr'><strong>ita</strong></span> <span class='ocrx_word' id='word_1_253' title='bbox 677 3324 771 3366; x_wconf 90' lang='lat' dir='ltr'><strong>unam</strong></span> <span class='ocrx_word' id='word_1_254' title='bbox 785 3302 959 3367; x_wconf 87' lang='lat' dir='ltr'><strong>reddidisse</strong></span> <span class='ocrx_word' id='word_1_255' title='bbox 974 3324 1154 3387; x_wconf 88' lang='lat' dir='ltr'><strong>personam,</strong></span> <span class='ocrx_word' id='word_1_256' title='bbox 1173 3311 1286 3370; x_wconf 89' lang='lat' dir='ltr'><strong>utnon</strong></span> 
     </span>
     <span class='ocr_line' id='line_1_30' title="bbox 127 3402 1285 3490; baseline 0.004 -23"><span class='ocrx_word' id='word_1_257' title='bbox 127 3406 163 3468; x_wconf 89' lang='lat' dir='ltr'><strong>in</strong></span> <span class='ocrx_word' id='word_1_258' title='bbox 184 3402 297 3467; x_wconf 67' lang='lat' dir='ltr'><strong>”unam</strong></span> <span class='ocrx_word' id='word_1_259' title='bbox 319 3405 463 3469; x_wconf 88' lang='lat' dir='ltr'><strong>redactus</strong></span> <span class='ocrx_word' id='word_1_260' title='bbox 486 3407 528 3469; x_wconf 92' lang='lat' dir='ltr'><strong>sit</strong></span> <span class='ocrx_word' id='word_1_261' title='bbox 542 3412 700 3482; x_wconf 69' lang='lat' dir='ltr'><strong>naturam,</strong></span> <span class='ocrx_word' id='word_1_262' title='bbox 721 3405 936 3470; x_wconf 85' lang='lat' dir='ltr'><strong>conflatorium</strong></span> <span class='ocrx_word' id='word_1_263' title='bbox 963 3407 1120 3490; x_wconf 91' lang='lat' dir='ltr'><strong>quoddam</strong></span> <span class='ocrx_word' id='word_1_264' title='bbox 1143 3407 1285 3472; x_wconf 88' lang='lat' dir='ltr'><strong>volentes</strong></span> 
     </span>
     <span class='ocr_line' id='line_1_31' title="bbox 127 3507 1285 3592; baseline 0.003 -21"><span class='ocrx_word' id='word_1_265' title='bbox 127 3507 224 3571; x_wconf 83' lang='lat' dir='ltr'><strong>luisse</strong></span> <span class='ocrx_word' id='word_1_266' title='bbox 237 3509 385 3570; x_wconf 86' lang='lat' dir='ltr'><strong>interiora</strong></span> <span class='ocrx_word' id='word_1_267' title='bbox 395 3510 535 3590; x_wconf 87' lang='lat' dir='ltr'><strong>virginis,</strong></span> <span class='ocrx_word' id='word_1_268' title='bbox 547 3529 603 3592; x_wconf 93' lang='lat' dir='ltr'><strong>per</strong></span> <span class='ocrx_word' id='word_1_269' title='bbox 614 3508 695 3591; x_wconf 93' lang='lat' dir='ltr'><strong>quod</strong></span> <span class='ocrx_word' id='word_1_270' title='bbox 708 3507 787 3572; x_wconf 89' lang='lat' dir='ltr'><strong>duae</strong></span> <span class='ocrx_word' id='word_1_271' title='bbox 798 3516 938 3591; x_wconf 91' lang='lat' dir='ltr'><strong>naturae,</strong></span> <span class='ocrx_word' id='word_1_272' title='bbox 949 3510 981 3573; x_wconf 93' lang='lat' dir='ltr'><strong>id</strong></span> <span class='ocrx_word' id='word_1_273' title='bbox 993 3518 1042 3574; x_wconf 90' lang='lat' dir='ltr'><strong>est</strong></span> <span class='ocrx_word' id='word_1_274' title='bbox 1053 3510 1129 3574; x_wconf 87' lang='lat' dir='ltr'><strong>deus</strong></span> <span class='ocrx_word' id='word_1_275' title='bbox 1141 3516 1172 3573; x_wconf 90' lang='lat' dir='ltr'><strong>et</strong></span> <span class='ocrx_word' id='word_1_276' title='bbox 1183 3510 1285 3591; x_wconf 92' lang='lat' dir='ltr'><strong>homo,</strong></span> 
     </span>
     <span class='ocr_line' id='line_1_32' title="bbox 128 3609 1283 3695; baseline 0.001 -20"><span class='ocrx_word' id='word_1_277' title='bbox 128 3610 163 3675; x_wconf 88' lang='lat' dir='ltr'><strong>iu</strong></span> <span class='ocrx_word' id='word_1_278' title='bbox 175 3628 273 3673; x_wconf 89' lang='lat' dir='ltr'><strong>nnarn</strong></span> <span class='ocrx_word' id='word_1_279' title='bbox 288 3609 441 3673; x_wconf 88' lang='lat' dir='ltr'><strong>resolutae</strong></span> <span class='ocrx_word' id='word_1_280' title='bbox 457 3618 489 3673; x_wconf 91' lang='lat' dir='ltr'><strong>et</strong></span> <span class='ocrx_word' id='word_1_281' title='bbox 503 3617 681 3695; x_wconf 87' lang='lat' dir='ltr'><strong>compactae</strong></span> <span class='ocrx_word' id='word_1_282' title='bbox 702 3632 838 3676; x_wconf 87' lang='lat' dir='ltr'><strong>massam</strong></span> <span class='ocrx_word' id='word_1_283' title='bbox 856 3633 952 3677; x_wconf 91' lang='lat' dir='ltr'><strong>unam</strong></span> <span class='ocrx_word' id='word_1_284' title='bbox 968 3612 1016 3676; x_wconf 89' lang='lat' dir='ltr'><strong>dei</strong></span> <span class='ocrx_word' id='word_1_285' title='bbox 1033 3620 1064 3675; x_wconf 92' lang='lat' dir='ltr'><strong>et</strong></span> <span class='ocrx_word' id='word_1_286' title='bbox 1079 3612 1214 3677; x_wconf 90' lang='lat' dir='ltr'><strong>hominis</strong></span> <span class='ocrx_word' id='word_1_287' title='bbox 1229 3634 1283 3677; x_wconf 84' lang='lat' dir='ltr'><strong>err-</strong></span> 
     </span>
     <span class='ocr_line' id='line_1_33' title="bbox 125 3710 1284 3798; baseline 0.003 -22"><span class='ocrx_word' id='word_1_288' title='bbox 125 3710 286 3776; x_wconf 89' lang='lat' dir='ltr'><strong>hibuerint</strong></span> <span class='ocrx_word' id='word_1_289' title='bbox 297 3712 439 3794; x_wconf 81' lang='lat' dir='ltr'><strong>sormam,</strong></span> <span class='ocrx_word' id='word_1_290' title='bbox 454 3714 635 3777; x_wconf 85' lang='lat' dir='ltr'><strong>³imrnutata</strong></span> <span class='ocrx_word' id='word_1_291' title='bbox 645 3714 792 3779; x_wconf 89' lang='lat' dir='ltr'><strong>videlicet</strong></span> <span class='ocrx_word' id='word_1_292' title='bbox 802 3722 984 3779; x_wconf 90' lang='lat' dir='ltr'><strong>naturarum</strong></span> <span class='ocrx_word' id='word_1_293' title='bbox 995 3715 1183 3798; x_wconf 88' lang='lat' dir='ltr'><strong>proprietate</strong></span> <span class='ocrx_word' id='word_1_294' title='bbox 1198 3716 1284 3780; x_wconf 64' lang='lat' dir='ltr'><strong>*effr-</strong></span> 
     </span>
    </p>

    <p class='ocr_par' dir='ltr' id='par_1_5' title="bbox 124 3863 1285 4207">
     <span class='ocr_line' id='line_1_34' title="bbox 177 3863 1285 3982; baseline 0.005 -68"><span class='ocrx_word' id='word_1_295' title='bbox 177 3863 201 3944; x_wconf 65' lang='grc' dir='ltr'><strong>ΙΙ.</strong></span> <span class='ocrx_word' id='word_1_296' title='bbox 213 3864 355 3982; x_wconf 55' lang='lat' dir='ltr'><strong>auspiia-stus</strong></span> <span class='ocrx_word' id='word_1_297' title='bbox 369 3865 472 3918; x_wconf 82' lang='lat' dir='ltr'><strong>Coteler.</strong></span> <span class='ocrx_word' id='word_1_298' title='bbox 488 3867 503 3917; x_wconf 86' lang='lat' dir='ltr'><strong>l.</strong></span> <span class='ocrx_word' id='word_1_299' title='bbox 513 3866 530 3917; x_wconf 88' lang='lat' dir='ltr'><strong>l.</strong></span> <span class='ocrx_word' id='word_1_300' title='bbox 547 3867 699 3918; x_wconf 82' lang='lat' dir='ltr'><strong>suscitatum</strong></span> <span class='ocrx_word' id='word_1_301' title='bbox 715 3866 783 3919; x_wconf 83' lang='lat' dir='ltr'><strong>Men.</strong></span> <span class='ocrx_word' id='word_1_302' title='bbox 834 3867 858 3919; x_wconf 82' lang='lat'><strong>7.</strong></span> <span class='ocrx_word' id='word_1_303' title='bbox 875 3866 1047 3936; x_wconf 87' lang='lat' dir='ltr'><strong>patrocinium</strong></span> <span class='ocrx_word' id='word_1_304' title='bbox 1064 3865 1168 3918; x_wconf 82' lang='lat' dir='ltr'><strong>Coteler.</strong></span> <span class='ocrx_word' id='word_1_305' title='bbox 1183 3869 1198 3921; x_wconf 89' lang='lat' dir='ltr'><strong>l.</strong></span> <span class='ocrx_word' id='word_1_306' title='bbox 1212 3869 1228 3920; x_wconf 86' lang='lat' dir='ltr'><strong>l.</strong></span> <span class='ocrx_word' id='word_1_307' title='bbox 1240 3885 1285 3939; x_wconf 87' lang='lat' dir='ltr'><strong>pa·</strong></span> 
     </span>
     <span class='ocr_line' id='line_1_35' title="bbox 125 3932 1285 4071; baseline 0.004 -19"><span class='ocrx_word' id='word_1_308' title='bbox 125 3936 243 4069; x_wconf 49' lang='lat' dir='ltr'><strong>Choaspe</strong></span> <span class='ocrx_word' id='word_1_309' title='bbox 256 3932 358 4052; x_wconf 65' lang='lat' dir='ltr'><strong>ilhn-</strong></span> <span class='ocrx_word' id='word_1_310' title='bbox 381 4003 401 4053; x_wconf 93' lang='lat' dir='ltr'><strong>l.</strong></span> <span class='ocrx_word' id='word_1_311' title='bbox 414 4002 496 4054; x_wconf 87' lang='lat' dir='ltr'><strong>solam</strong></span> <span class='ocrx_word' id='word_1_312' title='bbox 510 4003 603 4055; x_wconf 63' lang='lat' dir='ltr'><strong>[ador.</strong></span> <span class='ocrx_word' id='word_1_313' title='bbox 655 4002 678 4056; x_wconf 75' lang='lat'><strong>2.</strong></span> <span class='ocrx_word' id='word_1_314' title='bbox 691 4002 845 4071; x_wconf 84' lang='lat' dir='ltr'><strong>Eutychiani</strong></span> <span class='ocrx_word' id='word_1_315' title='bbox 863 4005 941 4054; x_wconf 71' lang='lat' dir='ltr'><strong>codex</strong></span> <span class='ocrx_word' id='word_1_316' title='bbox 955 4020 1000 4053; x_wconf 84' lang='lat' dir='ltr'><strong>ma</strong></span> <span class='ocrx_word' id='word_1_317' title='bbox 1011 4002 1058 4053; x_wconf 83' lang='lat' dir='ltr'><strong>Sti.</strong></span> <span class='ocrx_word' id='word_1_318' title='bbox 1078 4002 1188 4055; x_wconf 80' lang='lat' dir='ltr'><strong>Victoria</strong></span> <span class='ocrx_word' id='word_1_319' title='bbox 1199 4005 1285 4057; x_wconf 80' lang='lat' dir='ltr'><strong>Puris.</strong></span> 
     </span>
     <span class='ocr_line' id='line_1_36' title="bbox 125 4068 1284 4139; baseline 0.003 -16"><span class='ocrx_word' id='word_1_320' title='bbox 125 4068 150 4123; x_wconf 84' lang='lat'><strong>3.</strong></span> <span class='ocrx_word' id='word_1_321' title='bbox 170 4068 255 4121; x_wconf 80' lang='lat' dir='ltr'><strong>Verba</strong></span> <span class='ocrx_word' id='word_1_322' title='bbox 268 4069 299 4120; x_wconf 91' lang='lat' dir='ltr'><strong>de</strong></span> <span class='ocrx_word' id='word_1_323' title='bbox 308 4076 376 4122; x_wconf 87' lang='lat' dir='ltr'><strong>terra</strong></span> <span class='ocrx_word' id='word_1_324' title='bbox 385 4078 509 4133; x_wconf 87' lang='lat' dir='ltr'><strong>terrenus,</strong></span> <span class='ocrx_word' id='word_1_325' title='bbox 522 4070 650 4123; x_wconf 88' lang='lat' dir='ltr'><strong>secundus</strong></span> <span class='ocrx_word' id='word_1_326' title='bbox 659 4070 737 4124; x_wconf 92' lang='lat' dir='ltr'><strong>horno</strong></span> <span class='ocrx_word' id='word_1_327' title='bbox 747 4074 925 4124; x_wconf 76' lang='lat' dir='ltr'><strong>desiderantur</strong></span> <span class='ocrx_word' id='word_1_328' title='bbox 934 4071 1168 4139; x_wconf 71' lang='lat' dir='ltr'><strong>apradrlleucrdam.</strong></span> <span class='ocrx_word' id='word_1_329' title='bbox 1204 4073 1284 4126; x_wconf 69' lang='lat' dir='ltr'><strong>auu-</strong></span> 
     </span>
     <span class='ocr_line' id='line_1_37' title="bbox 124 4135 948 4207; baseline 0 -17"><span class='ocrx_word' id='word_1_330' title='bbox 124 4135 209 4207; x_wconf 79' lang='lat' dir='ltr'><strong>tychis</strong></span> <span class='ocrx_word' id='word_1_331' title='bbox 222 4137 288 4188; x_wconf 74' lang='lat' dir='ltr'><strong>tres.</strong></span> <span class='ocrx_word' id='word_1_332' title='bbox 341 4138 364 4191; x_wconf 80' lang='lat'><strong>5.</strong></span> <span class='ocrx_word' id='word_1_333' title='bbox 378 4139 570 4190; x_wconf 77' lang='lat' dir='ltr'><strong>Alexandrinus</strong></span> <span class='ocrx_word' id='word_1_334' title='bbox 583 4139 650 4193; x_wconf 70' lang='lat' dir='ltr'><strong>ilico.</strong></span> <span class='ocrx_word' id='word_1_335' title='bbox 702 4140 726 4193; x_wconf 80' lang='lat' dir='ltr'><strong>t.</strong></span> <span class='ocrx_word' id='word_1_336' title='bbox 739 4139 869 4191; x_wconf 89' lang='lat' dir='ltr'><strong>occasioni</strong></span> <span class='ocrx_word' id='word_1_337' title='bbox 881 4139 948 4190; x_wconf 82' lang='lat' dir='ltr'><strong>lica.</strong></span> 
     </span>
    </p>
   </div>
   <div class='ocr_carea' id='block_1_4' title="bbox 126 4205 1284 4330">
    <p class='ocr_par' dir='ltr' id='par_1_6' title="bbox 126 4205 1284 4330">
     <span class='ocr_line' id='line_1_38' title="bbox 177 4205 1284 4275; baseline 0.005 -16"><span class='ocrx_word' id='word_1_338' title='bbox 177 4206 239 4275; x_wconf 83' lang='lat' dir='ltr'><strong>Cap.</strong></span> <span class='ocrx_word' id='word_1_339' title='bbox 251 4205 319 4259; x_wconf 87' lang='lat' dir='ltr'><strong>XLI.</strong></span> <span class='ocrx_word' id='word_1_340' title='bbox 333 4238 365 4245; x_wconf 90' lang='lat'>-</span> <span class='ocrx_word' id='word_1_341' title='bbox 380 4207 401 4257; x_wconf 93' lang='lat' dir='ltr'><strong>l.</strong></span> <span class='ocrx_word' id='word_1_342' title='bbox 414 4207 521 4257; x_wconf 79' lang='lat' dir='ltr'><strong>uerbum</strong></span> <span class='ocrx_word' id='word_1_343' title='bbox 533 4208 599 4262; x_wconf 75' lang='lat' dir='ltr'><strong>Mea</strong></span> <span class='ocrx_word' id='word_1_344' title='bbox 651 4207 675 4260; x_wconf 69' lang='grc' dir='ltr'><strong>ἱ).</strong></span> <span class='ocrx_word' id='word_1_345' title='bbox 687 4225 740 4260; x_wconf 88' lang='lat' dir='ltr'><strong>una</strong></span> <span class='ocrx_word' id='word_1_346' title='bbox 751 4208 869 4260; x_wconf 89' lang='lat' dir='ltr'><strong>redactus</strong></span> <span class='ocrx_word' id='word_1_347' title='bbox 881 4207 916 4258; x_wconf 91' lang='lat' dir='ltr'><strong>sit</strong></span> <span class='ocrx_word' id='word_1_348' title='bbox 927 4211 1020 4259; x_wconf 85' lang='lat' dir='ltr'><strong>natura</strong></span> <span class='ocrx_word' id='word_1_349' title='bbox 1031 4207 1097 4259; x_wconf 77' lang='lat' dir='ltr'><strong>lien.</strong></span> <span class='ocrx_word' id='word_1_350' title='bbox 1149 4208 1173 4261; x_wconf 89' lang='lat'><strong>3.</strong></span> <span class='ocrx_word' id='word_1_351' title='bbox 1186 4209 1213 4262; x_wconf 88' lang='lat' dir='ltr'><strong>in</strong></span> <span class='ocrx_word' id='word_1_352' title='bbox 1225 4227 1284 4265; x_wconf 91' lang='lat' dir='ltr'><strong>ruu-</strong></span> 
     </span>
     <span class='ocr_line' id='line_1_39' title="bbox 126 4275 647 4330; baseline 0.006 -3"><span class='ocrx_word' id='word_1_353' title='bbox 126 4278 208 4329; x_wconf 67' lang='lat' dir='ltr'><strong>latam</strong></span> <span class='ocrx_word' id='word_1_354' title='bbox 220 4275 288 4326; x_wconf 78' lang='lat' dir='ltr'><strong>Meu.</strong></span> <span class='ocrx_word' id='word_1_355' title='bbox 345 4275 368 4326; x_wconf 84' lang='grc'><strong>4.</strong></span> <span class='ocrx_word' id='word_1_356' title='bbox 382 4275 569 4326; x_wconf 79' lang='lat' dir='ltr'><strong>esllceuliarum</strong></span> <span class='ocrx_word' id='word_1_357' title='bbox 580 4275 647 4330; x_wconf 82' lang='lat' dir='ltr'><strong>Meu.</strong></span> 
     </span>
    </p>
   </div>
   <div class='ocr_carea' id='block_1_5' title="bbox 123 4409 1284 4689">
    <p class='ocr_par' dir='ltr' id='par_1_7' title="bbox 123 4409 1284 4689">
     <span class='ocr_line' id='line_1_40' title="bbox 159 4409 1283 4485; baseline 0.007 -22"><span class='ocrx_word' id='word_1_358' title='bbox 159 4409 221 4480; x_wconf 88' lang='lat' dir='ltr'><strong>Cap.</strong></span> <span class='ocrx_word' id='word_1_359' title='bbox 227 4410 406 4463; x_wconf 79' lang='lat' dir='ltr'><strong>Xh-allut</strong></span> <span class='ocrx_word' id='word_1_360' title='bbox 417 4411 509 4462; x_wconf 74' lang='lat' dir='ltr'><strong>&#39;chiani</strong></span> <span class='ocrx_word' id='word_1_361' title='bbox 516 4411 588 4479; x_wconf 83' lang='lat' dir='ltr'><strong>dictu]</strong></span> <span class='ocrx_word' id='word_1_362' title='bbox 595 4412 680 4464; x_wconf 89' lang='lat' dir='ltr'><strong>Verba</strong></span> <span class='ocrx_word' id='word_1_363' title='bbox 763 4427 784 4463; x_wconf 89' lang='lat' dir='ltr'><strong>c.</strong></span> <span class='ocrx_word' id='word_1_364' title='bbox 803 4411 834 4463; x_wconf 89' lang='lat' dir='ltr'><strong>de</strong></span> <span class='ocrx_word' id='word_1_365' title='bbox 845 4413 917 4465; x_wconf 90' lang='lat' dir='ltr'><strong>caelo</strong></span> <span class='ocrx_word' id='word_1_366' title='bbox 929 4413 1059 4480; x_wconf 84' lang='lat' dir='ltr'><strong>caelestis]</strong></span> <span class='ocrx_word' id='word_1_367' title='bbox 1075 4413 1095 4468; x_wconf 91' lang='grc' dir='ltr'><strong>Ι.</strong></span> <span class='ocrx_word' id='word_1_368' title='bbox 1104 4414 1161 4468; x_wconf 91' lang='lat' dir='ltr'><strong>Cor.</strong></span> <span class='ocrx_word' id='word_1_369' title='bbox 1174 4416 1232 4485; x_wconf 79' lang='lat' dir='ltr'><strong>XV,</strong></span> <span class='ocrx_word' id='word_1_370' title='bbox 1242 4418 1283 4472; x_wconf 80' lang='lat'><strong>47.</strong></span> 
     </span>
     <span class='ocr_line' id='line_1_41' title="bbox 126 4428 1284 4554; baseline 0.006 -22"><span class='ocrx_word' id='word_1_371' title='bbox 126 4478 296 4547; x_wconf 81' lang='lat' dir='ltr'><strong>,Eutychiani</strong></span> <span class='ocrx_word' id='word_1_372' title='bbox 313 4479 374 4530; x_wconf 88' lang='lat' dir='ltr'><strong>dicti</strong></span> <span class='ocrx_word' id='word_1_373' title='bbox 391 4428 423 4529; x_wconf 86' lang='lat' dir='ltr'><strong>ah</strong></span> <span class='ocrx_word' id='word_1_374' title='bbox 435 4479 549 4546; x_wconf 74' lang='lat' dir='ltr'><strong>Eutyche</strong></span> <span class='ocrx_word' id='word_1_375' title='bbox 562 4509 595 4518; x_wconf 84' lang='lat'>-</span> <span class='ocrx_word' id='word_1_376' title='bbox 604 4511 637 4519; x_wconf 95' lang='lat'>—</span> <span class='ocrx_word' id='word_1_377' title='bbox 646 4512 678 4520; x_wconf 94' lang='lat'><em>-</em></span> <span class='ocrx_word' id='word_1_378' title='bbox 763 4480 825 4549; x_wconf 89' lang='lat' dir='ltr'><strong>Cap.</strong></span> <span class='ocrx_word' id='word_1_379' title='bbox 838 4480 905 4535; x_wconf 83' lang='lat' dir='ltr'><strong>Xhl.</strong></span> <span class='ocrx_word' id='word_1_380' title='bbox 919 4510 952 4519; x_wconf 86' lang='lat'><em>-</em></span> <span class='ocrx_word' id='word_1_381' title='bbox 963 4497 986 4533; x_wconf 88' lang='lat' dir='ltr'><strong>a.</strong></span> <span class='ocrx_word' id='word_1_382' title='bbox 999 4482 1171 4554; x_wconf 86' lang='lat' dir='ltr'><strong>Timotheani]</strong></span> <span class='ocrx_word' id='word_1_383' title='bbox 1189 4486 1244 4538; x_wconf 88' lang='lat' dir='ltr'><strong>Hoc</strong></span> <span class='ocrx_word' id='word_1_384' title='bbox 1253 4486 1284 4539; x_wconf 89' lang='lat' dir='ltr'><strong>de</strong></span> 
     </span>
     <span class='ocr_line' id='line_1_42' title="bbox 124 4547 1284 4622; baseline 0.006 -22"><span class='ocrx_word' id='word_1_385' title='bbox 124 4547 234 4601; x_wconf 82' lang='lat' dir='ltr'><strong>asseruit</strong></span> <span class='ocrx_word' id='word_1_386' title='bbox 246 4565 302 4599; x_wconf 89' lang='lat' dir='ltr'><strong>csso</strong></span> <span class='ocrx_word' id='word_1_387' title='bbox 318 4547 452 4599; x_wconf 84' lang='lat' dir='ltr'><strong>naturam”</strong></span> <span class='ocrx_word' id='word_1_388' title='bbox 468 4565 519 4599; x_wconf 92' lang='lat' dir='ltr'><strong>non</strong></span> <span class='ocrx_word' id='word_1_389' title='bbox 538 4553 598 4600; x_wconf 88' lang='lat' dir='ltr'><strong>suut</strong></span> <span class='ocrx_word' id='word_1_390' title='bbox 611 4548 679 4602; x_wconf 88' lang='lat' dir='ltr'><strong>Gen·</strong></span> <span class='ocrx_word' id='word_1_391' title='bbox 728 4547 957 4602; x_wconf 83' lang='lat' dir='ltr'><strong>Timotheanorum</strong></span> <span class='ocrx_word' id='word_1_392' title='bbox 969 4549 1072 4604; x_wconf 88' lang='lat' dir='ltr'><strong>haeresi</strong></span> <span class='ocrx_word' id='word_1_393' title='bbox 1082 4554 1224 4622; x_wconf 89' lang='lat' dir='ltr'><strong>capitulum</strong></span> <span class='ocrx_word' id='word_1_394' title='bbox 1239 4557 1284 4607; x_wconf 88' lang='lat' dir='ltr'><strong>eti·</strong></span> 
     </span>
     <span class='ocr_line' id='line_1_43' title="bbox 123 4614 1283 4689; baseline 0.006 -21"><span class='ocrx_word' id='word_1_395' title='bbox 123 4614 208 4680; x_wconf 84' lang='lat' dir='ltr'><strong>nadii,</strong></span> <span class='ocrx_word' id='word_1_396' title='bbox 231 4615 277 4669; x_wconf 89' lang='lat' dir='ltr'><strong>sed</strong></span> <span class='ocrx_word' id='word_1_397' title='bbox 299 4615 398 4667; x_wconf 87' lang='lat' dir='ltr'><strong>Isidori.</strong></span> <span class='ocrx_word' id='word_1_398' title='bbox 432 4615 566 4684; x_wconf 81' lang='lat' dir='ltr'><strong>Leguntur</strong></span> <span class='ocrx_word' id='word_1_399' title='bbox 589 4617 678 4687; x_wconf 81' lang='lat' dir='ltr'><strong>Origg.</strong></span> <span class='ocrx_word' id='word_1_400' title='bbox 729 4634 772 4671; x_wconf 88' lang='lat' dir='ltr'><strong>am</strong></span> <span class='ocrx_word' id='word_1_401' title='bbox 783 4619 908 4688; x_wconf 88' lang='lat' dir='ltr'><strong>reperitur</strong></span> <span class='ocrx_word' id='word_1_402' title='bbox 922 4619 1002 4689; x_wconf 78' lang='lat' dir='ltr'><strong>vulgo</strong></span> <span class='ocrx_word' id='word_1_403' title='bbox 1021 4636 1154 4673; x_wconf 82' lang='lat' dir='ltr'><strong>annexum</strong></span> <span class='ocrx_word' id='word_1_404' title='bbox 1166 4622 1283 4677; x_wconf 89' lang='lat' dir='ltr'><strong>editioni-</strong></span> 
     </span>
    </p>
   </div>
   <div class='ocr_carea' id='block_1_6' title="bbox 125 4683 1282 4824">
    <p class='ocr_par' dir='ltr' id='par_1_8' title="bbox 125 4683 1282 4824">
     <span class='ocr_line' id='line_1_44' title="bbox 125 4683 1282 4770; baseline 0.005 -31"><span class='ocrx_word' id='word_1_405' title='bbox 125 4683 191 4749; x_wconf 82' lang='lat' dir='ltr'><strong>Vlll,</strong></span> <span class='ocrx_word' id='word_1_406' title='bbox 203 4683 228 4748; x_wconf 84' lang='lat'><strong>5,</strong></span> <span class='ocrx_word' id='word_1_407' title='bbox 240 4683 281 4737; x_wconf 77' lang='grc'><strong>65.</strong></span> <span class='ocrx_word' id='word_1_408' title='bbox 294 4752 318 4764; x_wconf 88' lang='lat'><strong>..</strong></span> <span class='ocrx_word' id='word_1_409' title='bbox 368 4752 373 4763; x_wconf 39' lang='grc' dir='ltr'>Ι</span> <span class='ocrx_word' id='word_1_410' title='bbox 504 4753 528 4766; x_wconf 90' lang='lat'><strong>..</strong></span> <span class='ocrx_word' id='word_1_411' title='bbox 728 4684 778 4739; x_wconf 86' lang='lat' dir='ltr'><strong>hus</strong></span> <span class='ocrx_word' id='word_1_412' title='bbox 790 4687 973 4756; x_wconf 71' lang='lat' dir='ltr'><strong>augustiniani</strong></span> <span class='ocrx_word' id='word_1_413' title='bbox 985 4689 1016 4768; x_wconf 78' lang='lat' dir='ltr'><strong>de</strong></span> <span class='ocrx_word' id='word_1_414' title='bbox 1027 4689 1182 4770; x_wconf 60' lang='lat' dir='ltr'><strong>haeresibus</strong></span> <span class='ocrx_word' id='word_1_415' title='bbox 1194 4690 1282 4747; x_wconf 87' lang='lat' dir='ltr'><strong>libelli.</strong></span> 
     </span>
     <span class='ocr_line' id='line_1_45' title="bbox 158 4751 1148 4824; baseline 0.006 -19"><span class='ocrx_word' id='word_1_416' title='bbox 158 4753 183 4807; x_wconf 93' lang='lat' dir='ltr'><strong>h.</strong></span> <span class='ocrx_word' id='word_1_417' title='bbox 201 4751 231 4806; x_wconf 89' lang='lat' dir='ltr'><strong>lu</strong></span> <span class='ocrx_word' id='word_1_418' title='bbox 242 4751 447 4812; x_wconf 85' lang='lat' dir='ltr'><strong>amulrtudrueml</strong></span> <span class='ocrx_word' id='word_1_419' title='bbox 463 4752 572 4824; x_wconf 81' lang='lat' dir='ltr'><strong>Phupp.</strong></span> <span class='ocrx_word' id='word_1_420' title='bbox 584 4753 616 4819; x_wconf 92' lang='lat'><strong>11,</strong></span> <span class='ocrx_word' id='word_1_421' title='bbox 629 4754 652 4808; x_wconf 82' lang='lat'><strong>7.</strong></span> <span class='ocrx_word' id='word_1_422' title='bbox 729 4754 768 4809; x_wconf 75' lang='lat' dir='ltr'><strong>Ct</strong></span> <span class='ocrx_word' id='word_1_423' title='bbox 780 4755 903 4809; x_wconf 89' lang='lat' dir='ltr'><strong>adnotata</strong></span> <span class='ocrx_word' id='word_1_424' title='bbox 913 4756 1148 4810; x_wconf 79' lang='lat' dir='ltr'><strong>Benedictmorum.</strong></span> 
     </span>
    </p>
   </div>
   <div class='ocr_carea' id='block_1_7' title="bbox 0 0 1528 5124">
    <p class='ocr_par' dir='ltr' id='par_1_9' title="bbox 0 0 1528 5124">
     <span class='ocr_line' id='line_1_46' title="bbox 0 0 1528 5124; baseline 0 3"><span class='ocrx_word' id='word_1_425' title='bbox 0 0 1528 5124; x_wconf 95' lang='lat' dir='ltr'><strong> </strong></span> 
     </span>
    </p>
   </div>
  </div>
 </body>
</html>
