3046 5124
498 371 899 415 runicunurnunanassrsos.
1216 375 1277 441 291

122 529 237 616 Ioseph
252 534 440 615 conceptum
451 534 488 593 ut
499 529 660 594 hominem
670 528 804 614 nuptiali
812 528 909 607 coitu3
920 528 1069 593 habuisse
1079 533 1184 595 autem
1190 527 1280 594 illum

123 632 271 719 spiritum
278 631 502 718 prophetalem,
516 637 720 697 otrenturum
728 653 764 697 ac
776 631 987 696 indicaturum
998 631 1086 697 vivos
1095 638 1278 699 atmortuos.

188 734 307 800 Stoici·
321 733 430 798 dicunt
444 755 535 798 omno
550 734 703 799 uniforme
723 755 791 798 esse
810 740 982 819 peccatum.
1020 733 1108 801 ¹Feri
1125 741 1230 801 autern
1249 742 1281 799 at
1299 746 1349 798 cu·
1362 746 1399 786 ¹1·

124 837 228 905 severi
242 839 410 902 ceritatraa
424 857 580 918 censores,
595 837 731 903 animam
745 843 852 902 tumen
866 837 968 922 perire
984 835 1137 904 dixerunt.
1165 839 1282 903 Amant

122 939 275 1007 virtutem
290 939 516 1021 continentiae,
537 946 569 1003 et
582 941 730 1005 affectant
743 939 874 1023 gloriam
888 947 1063 1024 aeternam,
1083 962 1154 1007 oum
1169 961 1203 1007 se
1218 962 1282 1008 uon

123 1048 271 1109 uteruos
285 1063 354 1107 esse
369 1043 533 1107 fateantur.

186 1145 401 1231 Peripatetici,
407 1145 736 1238 Aristoteleprinaipe‚
744 1144 852 1211 haunt
860 1145 1017 1230 quandam
1022 1146 1281 1232 particulamani·
1299 1155 1350 1207 cu·
1362 1156 1411 1197 m

123 1268 197 1317 mae
209 1268 278 1313 esse
287 1255 455 1330 aeternam,
469 1247 525 1313 sod
538 1249 577 1313 de
589 1247 707 1332 reliquo
721 1269 793 1313 vero
806 1269 920 1332 magna
932 1270 971 1313 en
985 1256 1072 1335 parte
1090 1249 1279 1316 mortalem

189 1350 370 1432 Ademitae,
396 1357 432 1414 ut
459 1350 654 1435 supradictae
683 1350 842 1433 haeresen,
870 1350 946 1417 duas
969 1373 1037 1416 esse
1064 1352 1349 1420 substantiatus
1362 1361 1421 1402 ¹111·

123 1452 193 1525 Hae
208 1453 326 1519 habent
345 1453 379 1517 in
392 1453 551 1536 mysteriis
571 1453 636 1517 suis
655 1454 824 1539 peculiare,
844 1454 926 1537 quod
946 1455 1022 1519 nudi
1035 1455 1070 1519 in
1085 1454 1219 1519 ecclesia
1233 1455 1281 1519 di·

125 1546 241 1623 cuutur
255 1576 342 1621 orara
358 1554 554 1641 corporibus,
573 1562 696 1621 utentes
711 1555 769 1620 hoc
785 1555 980 1638 testimonio,
1000 1557 1104 1623 Adam
1123 1563 1155 1621 et
1169 1559 1283 1623 ¹Evam

124 1656 228 1727 nudos
243 1658 276 1723 iu
290 1658 436 1745 paradiso
450 1658 558 1740 fuisse,
571 1665 607 1723 ut
618 1658 771 1743 scriptum
782 1665 844 1722 est:
858 1657 956 1723 Erant
969 1661 1060 1726 ambo
1072 1659 1159 1742 nudi,
1175 1667 1206 1724 et
1218 1681 1283 1726 uon

126 1761 428 1829 confundebanturb.
468 1761 508 1825 Et
526 1760 607 1825 hauc
629 1760 852 1846 perfectionem
873 1761 1090 1829 beatissimam
1108 1769 1235 1849 putant,
1255 1762 1283 1827 si

124 1863 345 1931 ablactando
360 1864 424 1928 iarn
438 1863 580 1928 videatur
594 1864 632 1928 ab
648 1862 697 1926 his
713 1862 817 1928 ablata
832 1864 980 1928 confusio.

188 1966 365 2033 Platonici·
380 1966 490 2031 dicunt
505 1966 597 2030 deum
611 1986 667 2051 per
682 1964 788 2029 omnia
799 1965 920 2030 animas
936 1986 1050 2048 creare,
1071 1967 1198 2050 angelos
1214 1990 1282 2033 cor·
1301 1977 1353 2028 0⁸1³·
1367 1976 1422 2016 xlv·

125 2090 211 2157 pora.
248 2069 325 2135 Post
337 2068 507 2134 multorum
521 2089 672 2133 annorum
687 2067 842 2133 curricula
856 2068 976 2133 animas
996 2068 1097 2135 redire
1112 2070 1146 2133 in
1162 2071 1285 2137 diversa

127 2194 259 2258 corpora
272 2177 425 2237 asserunt.

189 2274 337 2361 Epicurei
351 2274 460 2338 haunt
475 2273 567 2337 deum
581 2273 660 2337 nihil
680 2294 783 2356 ogere;
800 2273 904 2339 omnia
924 2279 1067 2339 constare
1088 2275 1284 2361 corporibus;
1303 2284 1354 2336 θαι·
1367 2283 1411 2324 XV·

126 2378 267 2450 animam
281 2376 361 2440 nihil
375 2376 461 2440 aliud
477 2397 545 2439 esse
561 2377 673 2461 ¹quam
688 2386 827 2461 corpus&

189 2479 351 2547 Sethiani⁸
365 2479 475 2543 dicunt
489 2478 564 2543 Seth
580 2479 617 2543 de
638 2478 825 2544 caelestibus
841 2484 873 2542 et
886 2480 1029 2563 supernis
1043 2478 1214 2545 virtruibus
1228 2480 1286 2544 ha·
1303 2491 1354 2540 Cau·
1367 2490 1422 2528 xvh

126 2583 235 2653 lauisse
249 2582 467 2662 substantiam,
483 2581 560 2679 (Jain
573 2587 678 2645 autem
693 2581 731 2646 de
743 2580 943 2646 inferioribus
958 2580 1072 2647 habere
1088 2589 1239 2667 naturam,
1255 2590 1287 2648 ot

127 2685 233 2751 ¹iliam
248 2705 414 2770 supernam
428 2705 559 2769 peccare
574 2706 637 2748 non
651 2705 742 2769 posse
757 2682 862 2767 ‘latque
876 2684 1060 2749 mutabilem
1074 2683 1165 2766 ³fieri,
1179 2686 1286 2750 ⁴istarn

182 2820 243 2890 Gap.
255 2818 302 2873 XI.
315 2849 347 2858 —
362 2820 384 2871 Ι.
395 2818 453 2871 Feri
465 2826 552 2871 autem
564 2824 589 2870 ot
600 2819 682 2871 severi
693 2819 831 2870 veritatum
842 2834 960 2870 censores
973 2837 1026 2886 epo.
1041 2817 1099 2871 Ileri
1111 2825 1198 2872 autem
1210 2825 1236 2873 et
1247 2837 1286 2874 sa·

128 2891 184 2944 vari
198 2905 317 2941 censores
331 2889 435 2940 Coteter.
446 2889 462 2941 l.
474 2890 524 2957 tp.
534 2887 590 2940 758.
603 2886 741 2940 feritatem
753 2893 779 2939 et
790 2887 952 2939 severitatem
965 2903 1085 2941 censores
1096 2888 1164 2943 Mea.

178 2957 241 3026 Gap.
253 2956 323 3010 XIII.
335 2986 369 2994 -
383 2957 403 3009 l.
416 2957 471 3008 Era
481 2956 548 3008 Meo.

178 3025 216 3081 Ga
236 3025 312 3080 .XV.
325 3054 358 3062 —
373 3025 395 3078 l.
409 3025 470 3075 Post
481 3025 558 3076 rerba
571 3039 648 3092 quam
661 3040 754 3094 corpus
771 3025 841 3092 apud
851 3023 1003 3075 liettardum
1020 3025 1136 3092 loquatur
1149 3035 1288 3094 praeterea

130 3094 195 3155 boec
229 3099 270 3146 ost
281 3095 421 3147 multorum
435 3109 562 3145 annorum
578 3092 705 3143 curricula
721 3092 821 3144 animas
838 3090 920 3144 redire
936 3091 963 3143 iu
980 3091 1082 3145 diversa
1096 3110 1204 3164 corpore
1219 3111 1288 3147 asse-

127 3169 197 3229 runt,
209 3181 275 3283 ppos
286 3163 372 3225 rerba,
384 3170 467 3230 utpote
480 3180 510 3213 ex
521 3164 648 3229 superiori
659 3164 742 3229 cupite
754 3164 893 3229 importune
905 3159 947 3212 frio
959 3167 1081 3231 repetita,
1099 3181 1154 3214 cram
1167 3162 1288 3216 Cotelerio

127 3232 172 3286 LI.
201 3273 208 3286 .
238 3230 362 3284 iustoci.

177 3250 374 3369 83111171-
396 3297 417 3350 1.
430 3297 502 3349 illam
520 3313 550 3348 su
570 3313 658 3348 ernam
677 3314 729 3364 eqo.
746 3295 791 3348 iila
808 3312 921 3367 superna
931 3296 998 3351 Meo.
1050 3297 1075 3353 2.
1086 3298 1178 3352 hialim
1195 3316 1287 3370 neque.

129 3366 154 3423 3.
165 3367 230 3422 tiore
243 3367 309 3420 ltfea.
360 3366 384 3420 4.
396 3367 474 3418 istam
487 3385 538 3434 eqo.
551 3314 604 3417 ista
615 3365 682 3417 ifen.

162 3487 226 3558 Gap.
239 3485 286 3538 XI.
298 3517 331 3526 -
343 3501 367 3540 a.
381 3485 473 3551 Stoici]
490 3485 581 3539 isidor.
593 3485 682 3554 Origg.
733 3485 771 3538 De
782 3484 886 3540 Resurr.
897 3486 972 3539 Oaru.
982 3503 1003 3539 c.
1014 3486 1045 3550 2,
1057 3487 1162 3557 Menag.
1175 3488 1289 3556 adDiog.

127 3556 195 3621 VIII,
207 3555 233 3620 6,
246 3555 294 3607 bot
302 3554 344 3607 10:
365 3584 450 3619 ,--
460 3554 683 3623 Omuepeccatunr
733 3553 818 3607 Laert.
830 3554 886 3618 Vll,
900 3555 956 3608 lot.
969 3562 997 3607 et
1007 3555 1049 3618 Ill,
1063 3555 1103 3608 67.

128 3625 258 3679 mornas
271 3640 328 3676 essa
345 3628 476 3686 asserunt,
493 3622 620 3685 dieentes,
639 3622 682 3674 Sic
768 3622 976 3693 Cap.XlIl.-a.
985 3623 1048 3675 duas
1055 3624 1289 3690 essesubstantias]

127 3694 172 3749 illa
183 3709 281 3746 nocens
299 3691 347 3744 orit
364 3692 408 3759 qui
419 3692 506 3760 paleas
518 3692 617 3743 furatus
629 3691 683 3743 fue·
734 3691 775 3743 Ex
784 3707 936 3762 praegresso
947 3692 1059 3761 capitulo
1070 3708 1118 3762 sup
1137 3693 1161 3744 le
1172 3694 1266 3746 dicuat.

128 3765 163 3817 rit
173 3777 254 3844 quam
263 3760 309 3829 qui
320 3776 420 3823 aurum,
433 3761 477 3828 qui
488 3776 607 3829 mergum
618 3761 684 3811 occi·
768 3760 794 3814 b.
808 3710 1288 3826 etnouconfundebanturifieufflb.

129 3830 286 3900 dantquam
298 3830 456 3897 quiequam.
479 3828 538 3880 Nou
550 3828 619 3880 euim
631 3829 685 3880 ani-
786 3827 847 3898 Cap.
866 3829 935 3880 XIV.
948 3858 981 3866 —
1002 3844 1024 3878 a.
1040 3827 1177 3894 Platonici]
1200 3829 1290 3881 isidor.

128 3896 547 3960 malarimeumedanimusfaeit.
565 3898 685 3949 llietiam
736 3896 779 3948 Ori
799 3913 825 3965 g.
839 3896 905 3959 Vlll,
919 3897 942 3958 o,
955 3896 978 3947 7.
1005 3895 1291 3957 ,Platonicial'latone

130 3968 246 4022 animam
272 3981 331 4018 cunr
354 3982 459 4034 corporo
482 3966 565 4034 perire
588 3965 684 4018 dicunt.
735 3913 886 4034 phiiosopho
899 3965 967 4016 dicti.
992 3964 1026 4016 lli
1037 3965 1182 4017 animarum
1194 3972 1291 4017 creato-

130 4036 227 4091 Amant
243 4051 346 4105 quoque
363 4034 484 4086 virtutem
504 4034 685 4098 continentiae,
735 4050 789 4085 rem
799 4051 856 4086 esse
866 4033 950 4094 deum,
959 4047 1096 4100 corporum
1105 4034 1213 4102 angelos
1223 4050 1292 4087 asse·

130 4103 254 4159 affectant
265 4103 377 4172 gloriam
389 4109 526 4165 aeternam,
539 4118 598 4154 curn
610 4118 637 4154 se
647 4102 684 4154 fa-
735 4108 807 4165 runt,
825 4107 850 4153 ct
862 4107 921 4171 post
933 4099 1028 4151 multos
1041 4116 1170 4154 annorum
1182 4103 1291 4156 circulos

131 4178 234 4229 teautnr
245 4189 298 4225 nou
310 4187 368 4223 esse
380 4170 523 4222 aeternos.”
734 4170 761 4221 in
768 4168 1068 4237 diversacorporaredire
1074 4170 1174 4223 animas
1181 4171 1293 4223 dicunt.”

770 4237 832 4307 Cap.
845 4238 903 4290 XV.
918 4268 950 4275 -
963 4253 986 4290 a.
1001 4253 1077 4304 quam
1088 4242 1193 4308 eorpus]
1202 4238 1291 4291 isidor.

165 4311 201 4366 Ga
221 4308 529 4364 .xl1.-a.maonaex
556 4311 686 4358 artornor-
737 4306 826 4374 On'gg.
836 4304 902 4368 l'lll,
914 4304 937 4366 fi,
952 4303 991 4357 18.
1007 4307 1236 4368 ,-—Asserunt
1247 4323 1292 4361 au·

133 4329 222 4446 taleas
239 4377 329 4431 isidor.
341 4350 515 4445 Origg.⁰l'lll,
534 4323 561 4436 ii,
577 4373 613 4426 13.
634 4405 686 4439 ,-
738 4381 790 4425 tem
803 4373 877 4424 doum
891 4371 1060 4453 nihillagera:
1078 4377 1166 4428 omnia
1174 4381 1292 4429 constare

133 4478 165 4489 -
176 4448 210 4503 ffi
221 4447 312 4500 dicunt
322 4445 453 4515 quandam
468 4443 621 4512 particulam
633 4444 687 4495 ani·
739 4443 900 4510 corporibus:
925 4457 1040 4494 animam
1063 4442 1127 4496 nihil
1144 4444 1213 4496 aliud
1235 4462 1293 4497 esse

133 4533 261 4571 neeesse
273 4521 416 4567 aeternam:
434 4513 465 4563 de
482 4512 580 4579 reliquo
592 4527 689 4579 magua
740 4526 817 4580 quarn
830 4526 860 4560 co
892 4509 949 4563 us.''

134 4591 251 4707 exparte
262 4580 423 4637 mortalem.'’
446 4580 485 4634 Cf.
496 4578 688 4701 Pseudo-Orifi.
774 4578 834 4647 Gap.
847 4578 873 4631 X
897 4578 916 4630 l.
935 4609 967 4618 —
984 4596 1007 4632 a.
1020 4578 1149 4648 Sethiaui]
1168 4581 1206 4636 ct.
1219 4581 1282 4635 Prae

134 4650 170 4707 Ph
190 4648 327 4724 osophum.
339 4649 413 4722 pao.
423 4648 572 4714 eortina,
583 4647 661 4701 Tertu
740 4647 832 4701 dostiu.
845 4664 867 4702 c.
883 4647 920 4700 19.

1047 4736 1094 4788 19·
