3046 5124
139 314 143 321 ’
253 345 312 413 156
753 345 903 387 rumasrsr

251 509 430 568 nasceretur
440 502 512 566 Vlll
524 502 587 566 Cal.
600 503 665 567 Ian.
678 509 711 565 et
720 507 884 587 appareret
895 501 946 565 vl.
968 503 1123 587 Apparuit
1132 505 1232 586 magis
1243 507 1318 588 post
1328 502 1404 566 duo·

252 606 352 670 decim
368 605 433 669 dies
449 608 480 668 in
497 604 621 689 templo.
648 604 695 669 Ne
712 625 782 686 ergo
796 603 907 667 umbra
921 602 1003 687 quod
1018 624 1126 668 verum
1140 611 1208 669 erat
1221 603 1406 689 ²pateretur,

251 714 282 771 et
297 711 341 771 sic
356 731 375 771 a
389 708 692 789 magis‘adoraretur,
708 728 763 791 per
778 707 919 770 ordinem
935 709 1050 791 quippe
1067 728 1122 790 pro
1137 713 1245 771 nostra
1260 706 1361 770 salute
1377 713 1407 769 et

251 813 346 873 annui
362 810 427 873 dies
443 811 621 873 festivitatis
635 812 767 873 maiores
783 811 835 872 isti
851 811 959 872 statuti
974 814 1048 871 snut
1063 816 1206 892 quatuor,
1219 811 1360 893 primum
1374 811 1406 872 in

251 934 309 995 quo
325 919 416 976 natus
432 920 490 994 cst,
506 912 617 976 deiude
633 915 665 974 iu
681 933 740 994 quo
756 914 914 996 apparuit,
929 910 961 974 id
977 918 1025 974 est
1038 911 1097 975 XII
1112 912 1178 975 dies
1193 918 1282 996 pest,
1296 913 1330 974 in
1346 931 1405 994 quo

249 1036 359 1099 passus
375 1022 433 1097 est,
448 1018 481 1077 iu
496 1015 622 1098 pascha,
637 1017 669 1078 in
685 1015 746 1077 fine
760 1034 833 1077 vero
848 1017 881 1077 in
897 1034 956 1097 quc
972 1013 1114 1085 ascendit
1127 1016 1161 1077 in
1177 1013 1310 1094 eaelum,
1325 1015 1407 1076 circe

248 1123 450 1202 pentecosten
471 1119 626 1179 vincentis
650 1123 698 1180 est
719 1118 832 1200 quippe
856 1117 1091 1180 consummatio.
1134 1115 1193 1193 Qui
1213 1135 1286 1198 ergo
1309 1135 1405 1179 unum

249 1219 386 1302 ³ignorat
402 1243 440 1282 ac
455 1221 691 1303 praetermittit,
709 1224 814 1302 potest
832 1223 863 1280 et
879 1218 916 1281 de
932 1218 1001 1281 aliis
1018 1217 1156 1281 diebusb.
1193 1217 1328 1281 Dubitas
1343 1237 1404 1280 non

249 1323 368 1385 habens
384 1321 610 1406 plenitudinem
624 1323 780 1400 veritatis,
800 1320 883 1403 qued
904 1320 1078 1384 secundnm
1097 1319 1257 1404 ⁴tempora
1275 1326 1406 1403 quatuor

250 1428 397 1506 cuiusque
417 1426 491 1486 anni
511 1425 556 1486 ita
575 1422 664 1486 nobis
686 1422 809 1486 diversa
828 1422 941 1504 gaudia
955 1444 974 1484 a
990 1408 1253 1487 Christo-domino
1269 1420 1404 1506 pullula-

248 1533 336 1606 runt,
357 1526 390 1587 id
410 1527 506 1588 estin
522 1546 581 1607 quo
597 1531 689 1588 natus
706 1530 769 1604 est,
789 1531 859 1608 post
873 1526 906 1587 in
922 1544 982 1607 que
998 1525 1271 1609 apparuit,'tertie
1290 1525 1326 1587 in
1346 1543 1404 1608 que

248 1649 359 1712 passus
375 1633 423 1689 est
438 1634 469 1689 et
483 1629 651 1690 resurrexit
666 1632 698 1689 et
711 1629 796 1689 visus
813 1633 870 1706 est,
886 1632 994 1709 quarto
1011 1629 1043 1689 in
1055 1646 1114 1709 quo
1127 1625 1271 1689 ascendit
1285 1628 1318 1689 in
1334 1647 1404 1690 cae·

250 1732 329 1807 lum3
346 1730 467 1793 ethaeo
482 1749 669 1813 perannum
684 1731 751 1792 sine
766 1730 998 1792 intermissione
1014 1728 1206 1793 celebremus
1218 1727 1406 1812 generaliter

249 1833 439 1912 exultantes,
458 1837 551 1914 atque
566 1831 642 1895 haec
657 1833 778 1913 integra
798 1830 1008 1914 inviolataque
1029 1830 1241 1896 custodientes
1263 1830 1404 1895 detinea-

248 1955 327 1999 mus.
352 1933 483 2012 Quidam
498 1939 602 1996 autem
617 1933 700 1996 diem
710 1933 953 2018 Epiphaniorum
965 1933 1123 2018 baptismi,
1138 1932 1190 1996 alii
1201 1934 1405 1998 transforma·

248 2039 342 2101 tionis
358 2040 390 2099 in
405 2042 510 2100 moute
526 2057 605 2119 quae
620 2036 703 2099 facta
718 2043 765 2099 est
781 2056 848 2099 esse
865 2038 1040 2121 opinantur.

96 2150 145 2194 Γῆν·
160 2150 231 2189 fw-
310 2139 374 2203 Alii
390 2146 463 2202 sunt
476 2139 625 2202 haeretici
641 2141 693 2221 qui
709 2138 785 2220 legis
800 2145 966 2222 praecepte
987 2159 1064 2222 quae
1084 2158 1141 2224 per
1155 2137 1303 2220 ¹Moysen
1323 2139 1407 2202 dieta

32 2217 230 2270 (⁰¹⁹'cmlss'l
248 2248 322 2305 sunt
336 2245 369 2304 in
382 2242 520 2305 Levitico
535 2242 658 2305 ludaeis
675 2240 839 2305 carnaliter
859 2248 1026 2323 nostroque
1046 2244 1079 2306 in
1098 2247 1238 2326 tempore
1254 2239 1404 2326 spiritali·

247 2351 294 2408 ter
309 2344 462 2407 revelata·
478 2349 552 2407 sunt
566 2346 742 2424 ignorantes
758 2364 912 2407 summam
923 2363 1027 2407 rerum
1041 2343 1279 2407 festivitatembe
1295 2364 1404 2407 nume·

247 2466 377 2528 rumque
393 2467 499 2509 earum
514 2446 656 2509 caelestis
671 2445 837 2508 utilitatisd
852 2451 1060 2530 praetereunt,
1075 2448 1253 2509 nescientes
1265 2445 1342 2529 quid
1355 2466 1405 2509 ee·

247 2549 378 2629 lebrent,
391 2553 536 2632 putantes
549 2548 631 2630 quod
643 2548 681 2611 de
694 2547 832 2611 sabbatis
845 2548 944 2612 solum
955 2556 987 2610 et
997 2548 1115 2633 pascha
1126 2555 1157 2611 et
1168 2549 1287 2630 azymis
1299 2545 1404 2632 ²lley·

247 2673 297 2714 ses
312 2653 521 2736 praeceperit,
536 2656 567 2714 et
581 2671 645 2715 nen
660 2650 698 2715 de
714 2656 783 2718 octo
797 2649 1040 2715 festivitatibus
1055 2671 1131 2735 quas
1147 2649 1283 2715 ecelesia
1296 2651 1405 2717 cathe-

314 2887 338 2940 2.
347 2893 479 2956 pareretur
487 2888 522 2943 A.
574 2886 599 2940 3.
612 2887 715 2956 ignorat
726 2886 913 2956 praetermittit.
930 2885 1064 2941 Potest'a.
1115 2886 1319 2958 tempores.

314 2973 376 3042 Cap.
389 2972 477 3026 CXLI.
494 2977 520 3024 ia
534 2973 589 3024 otc.
606 2976 691 3023 insert
706 2982 755 3023 tum
771 2972 848 3025 latet
857 2972 897 3025 Ds
909 2988 1034 3026 surrrrec
1043 2988 1106 3027 uesr
1118 2972 1206 3041 (erosis
1219 2973 1254 3044 ὁ.)
1266 2988 1362 3028 suot.
1375 3002 1406 3015 -

250 3041 271 3094 1.
282 3040 374 3094 Mosen
387 3041 494 3110 (Alete.
546 3040 570 3094 ἱ).
581 3041 669 3094 Muses
682 2991 790 3110 (Alete.

280 3229 305 3280 b.
322 3234 407 3297 potest
420 3232 446 3279 et
457 3228 487 3279 de
497 3228 554 3280 aliis
564 3228 663 3297 diebus]
675 3228 766 3281 Intelle
786 3243 801 3282 e
849 3229 941 3295 litatis]
958 3227 1007 3281 Per
1018 3245 1156 3281 numerum
1165 3231 1337 3296 octonarium,
1348 3231 1406 3285 bea·

246 3297 414 3366 persorensi
427 3297 510 3351 simile
523 3297 592 3365 quid.
621 3297 651 3348 In
664 3296 751 3348 codice
763 3243 800 3348 <li-
850 3304 905 3349 tam
916 3298 1131 3350 resurrectionem
1140 3304 1167 3349 et
1175 3304 1280 3351 aeterna
1288 3301 1406 3353 caelestia

246 3365 350 3418 stinctio
359 3363 422 3416 haec
432 3371 482 3417 est:
497 3365 556 3432 „qui
566 3381 628 3433 erge
638 3367 801 3433 unumigno-
851 3367 919 3417 ritae
931 3366 1027 3435 gaudia
1038 3367 1155 3418 denouri
1166 3367 1306 3420 credebant
1317 3370 1355 3439 pii
1365 3383 1406 3421 re·

247 3439 287 3490 rat
296 3433 485 3503 praetermittit..
501 3433 589 3484 Potest
600 3439 625 3484 et
637 3433 667 3484 de
680 3434 736 3485 aliis
749 3432 801 3486 die·
851 3441 927 3497 teres,
937 3451 1046 3503 quorum
1056 3435 1115 3486 loca
1122 3434 1261 3488 laudarunt
1268 3436 1348 3507 Ilugo
1353 3437 1407 3490 lle·

247 3502 295 3554 bus
308 3501 487 3554 dubitas'‘ete.
851 3503 947 3555 nardus
971 3503 1004 3554 ed
1026 3503 1262 3556 sacramentarium
1287 3504 1326 3558 Gr
1361 3505 1407 3559 orii

281 3570 343 3640 (lap.
356 3570 444 3623 exul.
462 3600 495 3610 -
521 3586 543 3621 a.
565 3569 712 3638 spiritaliter
730 3586 801 3623 rere·
851 3572 886 3623 ld
899 3588 924 3640 p.
937 3570 978 3624 33.
991 3587 1045 3640 seq.
1063 3577 1089 3624 et
1100 3570 1244 3625 cotelerius
1256 3572 1290 3625 ad
1302 3573 1405 3644 Episto-

246 3641 309 3705 lata]
328 3638 591 3707 Manifestoimpleta.
628 3637 684 3701 (F.)
851 3641 904 3692 lam
915 3638 1083 3693 Bamabaec.
1099 3639 1136 3692 15.
1149 3656 1173 3709 p.
1186 3639 1227 3692 47.
1264 3640 1323 3709 (F.)

280 3709 304 3761 b.
324 3723 453 3759 summam
464 3723 550 3758 rerum
560 3706 741 3773 festivitatem]
753 3706 800 3758 Est
885 3724 907 3760 e.
925 3714 983 3760 octo
995 3707 1189 3827 festivitatibuaFJ
1211 3708 1250 3761 De
1263 3716 1323 3763 octo
1335 3710 1407 3764 tatis

247 3777 291 3845 qui
312 3777 375 3845 legit
393 3778 496 3828 dierum.
523 3774 575 3827 Sed
591 3776 669 3843 longe
686 3780 801 3844 praestat
851 3792 917 3844 quae
934 3774 959 3828 h.
976 3777 992 3827 l.
1014 3782 1149 3829 enumerat
1189 3777 1303 3830 abricius
1324 3785 1409 3833 cetera

246 3863 337 3896 rerum.
360 3844 488 3896 Estenim
502 3842 800 3910 rercmsestr'oitoaa'rvri-
850 3844 895 3896 vul
930 3843 1140 3907 taetobria;de
1170 3845 1408 3900 uartuaabbatiadi

247 3930 321 3962 τυπον
338 3929 428 3966 verum
445 3928 474 3964 ac
490 3913 557 3964 reale
575 3913 673 3979 gratiae
690 3912 801 3963 novite-
851 3913 887 3965 sis
921 3913 1008 3964 onstit
1020 3913 1109 3982 Apost.
1122 3860 1177 3967 vll.
1200 3912 1241 3968 23.
1258 3912 1408 3984 ibiqueGu·

247 3982 380 4044 ammenti,
413 3981 480 4050 quod
509 3980 642 4033 festivitati
670 3980 801 4032 umbratili
851 3981 969 4032 telerium
981 3996 1041 4050 pag.
1054 3980 1231 4050 369.,quibus
1242 3981 1337 4035 addere
1348 3984 1410 4037 lieet

247 4049 345 4100 dierum
369 4050 396 4101 in
423 4051 481 4118 lege
504 4050 620 4101 Massica
646 4047 800 4118 respondere
851 4049 1012 4100 Amalarium
1030 4049 1167 4101 diaconum
1183 4048 1227 4102 lll.
1244 4049 1316 4105 Eccl.
1334 4050 1408 4106 Offie

246 4115 399 4169 Philastrius
412 4119 540 4170 observat.
576 4117 632 4180 (F.)
853 4117 905 4179 27„
922 4116 1037 4236 itempue
1057 4118 1245 4186 Hieronymum
1262 4117 1409 4173 Commeat.

281 4201 303 4235 c.
321 4201 542 4238 summemrerum
551 4185 730 4254 festivitatem]
743 4183 801 4238 Non
852 4185 883 4237 ad
898 4184 982 4237 Galat.
1004 4186 1039 4237 ib.
1048 4185 1088 4250 11,
1100 4200 1156 4256 cap.
1166 4186 1191 4238 4.
1202 4187 1230 4239 in
1239 4186 1317 4240 illud:
1332 4187 1409 4254 ,Dies

247 4251 336 4304 dubito
346 4255 411 4370 puin
423 4255 599 4322 reponendum
611 4255 645 4306 sit
658 4269 802 4318 ,summam
851 4253 1009 4305 observatis’'
1018 4260 1075 4318 ete,
1086 4270 1152 4373 (pnes
1161 4255 1303 4323 prolertlo.
1312 4254 1410 4311 Fronto

246 4336 335 4372 reram
358 4321 538 4374 estivitatum.''
555 4323 611 4374 lam
623 4338 701 4391 supra
712 4338 734 4373 e.
746 4321 802 4374 129.
851 4322 879 4374 iu
915 4323 1090 4374 raenotatisa
1124 4322 1204 4376 Vetus
1221 4322 1330 4377 Kalend
1348 4324 1409 4393 §.b

246 4405 293 4458 pro
309 4407 396 4439 veram
413 4390 472 4442 libri
488 4392 640 4445 vetustiores
657 4391 802 4443 obtulerant
851 4407 876 4459 p.
891 4338 946 4442 lea
965 4391 1127 4460 Augustinus
1144 4407 1248 4461 quoque
1258 4391 1342 4462 Epist
1354 4392 1408 4447 Sd:

137 4490 140 4499 -
247 4476 339 4511 rernm.
360 4455 492 4511 Genitivos
507 4460 640 4525 ,caelestis
652 4458 802 4548 dignitati?
854 4456 921 4524 ‚Gur
939 4466 1031 4528 quarta
1047 4464 1074 4511 et
1090 4464 1167 4512 sexta
1176 4460 1294 4513 maxime
1311 4461 1410 4515 ieiunet

247 4527 326 4595 iunge
339 4541 399 4577 cum
410 4528 501 4579 vocab.
515 4527 682 4593 ,numerum'
852 4528 959 4580 ecclesia
976 4528 1022 4581 illa
1035 4528 1102 4581 ratio
1119 4526 1192 4581 reddi
1204 4528 1322 4595 videtur,
1339 4530 1409 4601 quod

281 4593 305 4646 d.
322 4609 512 4664 numerumque
523 4612 612 4650 aarum
620 4595 741 4649 caelatis
751 4595 801 4649 uti·
852 4595 1014 4650 considerate
1025 4596 1162 4666 evangelie
1175 4596 1235 4666 ipsa
1244 4603 1340 4668 quarta
1348 4598 1409 4653 sab·
