3046 5124
117 757 167 808 Cap.
181 756 217 797 111.

237 387 275 451 12

743 383 893 425 PHILASTRI

236 543 299 604 raei
317 538 538 622 vocabantur0,
558 563 577 604 a
595 561 655 625 quo
674 545 782 626 postea
800 543 914 625 pagani
931 541 1027 606 fortes
1042 543 1126 606 viros
1145 561 1184 606 ex
1197 541 1284 606 illius
1300 543 1409 626 figura

234 649 420 727 usurpantes
434 642 599 707 Herculest
617 651 846 728 nuncuparunt.

320 745 463 809 ¹Esseni⁸
481 753 586 812 autem
604 754 678 811 sunt
693 749 746 829 qui
760 747 1001 811 monachorumb
1016 749 1114 810 vitam
1129 753 1289 830 exercent,
1310 769 1408 814 eseas

236 849 398 914 deliciosas
410 868 473 914 non
486 856 659 931 sumentes,
674 869 732 914 nec
744 850 883 914 studium
897 852 1140 915 investimentis
1160 857 1319 934 gerentes,
1341 873 1409 918 neo

234 953 432 1038 possidentes
452 953 583 1037 aliquid,
605 953 733 1017 lectioni
751 959 855 1017 antem
875 959 907 1016 et
929 953 1019 1017 bonis
1040 952 1185 1037 operibns
1205 944 1409 1039 insistentes,

234 1059 268 1122 in
283 1056 359 1121 locis
375 1059 470 1120 etiam
485 1061 654 1141 separatis⁰
669 1055 861 1138 habitanteS,
878 1056 1037 1121 Christum
1051 1062 1161 1120 autem.
1171 1056 1333 1122 dominum
1349 1058 1408 1125 dei

302 1208 363 1280 Cap.
376 1208 422 1262 IX.
440 1212 467 1259 in
479 1208 558 1260 Bate.
571 1212 721 1278 inscriptam
733 1208 809 1261 hahet
819 1209 921 1263 Essem.
933 1241 965 1248 —
979 1211 1001 1262 l.
1013 1207 1104 1262 Essaei
1116 1211 1209 1277 lepitar
1217 1212 1244 1262 ia
1252 1229 1336 1279 marry.
1348 1209 1406 1266 Ba.

235 1354 261 1400 et
278 1346 334 1399 Nisi
351 1347 456 1398 Taetzes
474 1344 582 1398 Chiliad.
600 1346 623 1398 2.
640 1346 735 1398 Hister.
747 1346 788 1399 37.

235 1417 339 1479 (Febr.)

268 1501 290 1535 e.
309 1483 370 1551 qnia
378 1482 501 1535 Nazaraei
512 1483 682 1549 vocabantur]
695 1482 724 1534 In
735 1484 790 1552 qui·

234 1552 346 1604 busdam
363 1551 438 1602 editis
456 1556 530 1602 extat
547 1552 627 1620 ,quia
643 1552 789 1604 Nazaraeus

235 1619 402 1682 vocabatur”‚
421 1619 529 1671 minime
547 1625 633 1671 autem
651 1621 677 1671 in
696 1619 790 1672 Gorbe-

234 1688 301 1739 iensi
318 1687 417 1751 codice,
436 1693 466 1742 ut
483 1687 622 1739 somniarit
639 1688 789 1740 Galeardns.

234 1756 259 1807 Is
272 1755 341 1808 enim
353 1755 417 1807 liber
430 1772 488 1807 eam
497 1755 618 1807 Philastri
629 1757 790 1824 particulam,
809 1806 811 1809 ,

235 1841 287 1892 qna
298 1822 451 1875 Iudaeorum
464 1823 583 1875 haereses
595 1829 790 1892 pertractantur,

234 1894 310 1960 plane
320 1909 373 1943 non
383 1893 538 1955 continebat,
549 1897 614 1943 teste
621 1892 656 1944 lo.
664 1893 790 1960 ltaverdy,

235 1960 362 2012 monacho
375 1960 555 2023 Benedictino,
573 1962 616 2028 qui
629 1978 688 2012 eum
701 1968 790 2013 contu-

234 2030 271 2080 lit.
282 2029 312 2079 V.
324 2027 429 2080 Gelleet.
439 2029 506 2080 Vett.
519 2029 586 2080 Patr.
598 2029 666 2080 llecl.
680 2029 751 2080 Brix.
764 2048 789 2098 p.

238 2097 292 2149 152.
310 2096 396 2148 Verba
410 2096 532 2149 Philastri
548 2097 692 2216 supplenda
703 2097 790 2148 viden-

235 2174 276 2218 tur
293 2183 326 2216 ex
344 2166 428 2217 verbis
441 2164 578 2234 Epiphanii
607 2166 668 2217 laer.
680 2166 790 2230 xxix,

234 2234 258 2286 5.
270 2234 318 2286 ita:
338 2275 349 2294 ,
376 2234 419 2285 nia
430 2233 553 2285 Nazaraei
565 2234 651 2286 devoti
662 2235 790 2286 rocaben-

235 2302 300 2354 tur.‘'
319 2301 356 2354 cf.
392 2319 443 2354 um.
453 2301 495 2354 VI.
506 2301 559 2354 lud.
569 2302 639 2354 Xlll.
658 2302 736 2422 Plane
746 2304 790 2355 ab·

235 2387 301 2423 sona
316 2376 378 2422 sunt
394 2387 459 2438 quae
476 2371 507 2421 de
523 2369 572 2421 hoc
589 2370 675 2422 Philas
688 2372 719 2422 rii
733 2372 790 2422 loeo

235 2439 336 2491 censuit
349 2438 397 2490 Cas
418 2479 423 2489 .
437 2438 516 2489 Barth
527 2440 646 2491 Adverss.
656 2439 755 2502 XLVI,
766 2439 790 2491 5.

276 2507 295 2559 f.
316 2456 450 2572 Hercubs]
478 2506 588 2559 Caesam
608 2524 623 2558 a
647 2507 791 2576 Sanrpsone

235 2576 475 2628 Tamnatameunte
484 2576 586 2629 leonem
598 2577 637 2627 leo
647 2575 790 2627 Nemeaeus

235 2644 382 2697 abllercule
393 2643 542 2696 interfectus
549 2645 635 2705 refert,
648 2644 792 2695 utDalilarn

236 2711 373 2782 Omphale,
390 2714 524 2764 columnas
542 2712 605 2764 duas
619 2712 734 2764 Gazaeae
747 2712 792 2762 do-

235 2799 294 2834 nrus
307 2783 443 2833 columnae
456 2780 598 2832 Gaditanas
611 2798 677 2849 quae
688 2781 793 2832 Herculi

235 2857 305 2903 meta
321 2851 441 2901 itinerum
457 2850 575 2913 fuerunt,
591 2855 621 2900 ut
640 2849 700 2900 illae
718 2848 791 2900 Sam-

254 2919 311 2970 soni
334 2919 402 2969 vitae
426 2918 558 2969 terminus.
592 2918 660 2969 Haec
685 2917 791 2969 illustris

235 2937 344 3039 Nostius
375 3027 381 3037 .
393 2985 451 3038 336.
468 2985 641 3038 Demonstrat.
654 2985 792 3053 Evangeli-

235 3074 288 3108 cae.
315 3004 386 3106 Addo
403 3055 426 3105 si
442 3055 526 3123 placet
542 3054 666 3126 Ludovici
678 3053 793 3122 (lappelli

236 3125 320 3193 Opera
331 3130 452 3192 postuma
464 3140 488 3191 p.
501 3123 551 3174 426
563 3140 617 3191 seq.
639 3122 691 3174 Sed
709 3128 735 3173 et
746 3140 792 3173 no·

235 3211 296 3245 men
307 3192 393 3260 ipsum
403 3192 530 3259 congruit,
543 3208 604 3243 nam
614 3190 743 3259 Sampson
753 3197 793 3241 est

236 3267 290 3344 qm
308 3267 405 3322 ΜΨ,
423 3261 462 3310 eol
470 3261 642 3327 fortitudinis,
661 3266 686 3311 et
703 3276 719 3310 a
735 3258 755 3310 F
757 3259 792 3311 la-

235 3347 277 3397 vio
290 3343 398 3413 Ios'epho
412 3345 549 3413 exponitur
562 3342 670 3413 ἰσχυρός.
691 3344 743 3404 „Et
753 3362 792 3394 re·

236 3433 298 3465 uera
314 3414 450 3464 Herculem
470 3415 544 3463 solem
561 3431 625 3474 esse,
642 3413 791 3480 inquitMa·

236 3482 339 3534 crebius
362 3481 406 3533 lib.
426 3482 446 3532 l.
464 3481 593 3533 Saturnal.
609 3498 665 3550 cap.
683 3481 735 3544 ab,
754 3482 794 3531 ael

237 3570 266 3602 ca
282 3553 378 3601 nomiae
395 3551 484 3600 claret.
513 3548 637 3617 Ἡρακλῆς
654 3553 717 3599 carim
733 3551 794 3616 quid

237 3621 311 3670 (illaad
319 3627 355 3668 est
366 3621 416 3668 aiei
426 3614 514 3686 Ἥρας,
527 3620 556 3668 id
567 3627 604 3667 est
615 3620 692 3684 aeris,
706 3616 793 3676 κλέοςὲ

237 3707 300 3756 qnae
308 3706 388 3755 porro
401 3688 456 3736 alia
468 3688 538 3736 aeris
545 3688 630 3752 plorr'a
641 3695 684 3747 est,
694 3689 745 3736 rrisr'
752 3706 790 3735 eo-

237 3760 269 3808 tis
288 3755 454 3807 a'llarrrr'natr'e''
474 3760 522 3805 etc.
557 3753 652 3806 Omitto
674 3770 739 3822 quae
760 3754 791 3804 de

236 3825 344 3878 Hercule
361 3823 422 3875 Sole
438 3827 561 3874 notarunt
577 3822 730 3890 amplissimi
747 3822 791 3872 do·

237 3893 397 3960 ctissimique
409 3891 464 3943 Viri
478 3890 549 3941 (lisb.
563 3888 678 4008 Cuperus
690 3891 717 3941 in
729 3891 792 3941 Har-

236 3968 348 4030 pocrate,
361 3966 386 4012 et
398 3960 507 4011 Iacobus
520 3958 593 4009 Ithen
607 3958 658 4020 erd.
671 3959 698 4010 in
711 3959 792 4026 expli-

237 4031 337 4082 catione
349 4029 423 4081 numi
432 4026 563 4079 Phoenicii
576 4027 643 4094 apud
653 4025 794 4077 Iohannem

238 4099 366 4150 clericum
383 4094 681 4149 ministeriosae
698 4111 723 4163 p.
739 4095 793 4146 109.

237 4165 392 4303 seqappll}
405 4263 437 4270 —
450 4249 472 4284 a.
485 4232 589 4298 Esseni]
599 4231 712 4283 Essenos
724 4231 795 4283 Chri-

238 4304 337 4354 stianos
347 4302 466 4372 agnoseit
477 4317 589 4369 magnus
599 4300 738 4352 Annalium
750 4316 794 4367 pa·

238 4388 297 4423 rens
309 4370 339 4430 A.
351 4370 377 4420 G.
388 4369 428 4420 64.
441 4387 465 4420 n.
478 4378 502 4422 4.
515 4376 541 4420 et
552 4369 576 4421 ἵ).
588 4375 648 4438 post
663 4369 727 4420 alios
741 4376 795 4419 tam

238 4445 337 4492 veteres
346 4439 592 4506 quamreeentioreS,
603 4439 647 4506 qui
656 4438 687 4488 de
694 4438 725 4488 iis
733 4437 794 4488 scri-

237 4512 345 4579 pserunt
353 4505 672 4576 ,Novatoribusexceptis,
680 4524 709 4558 eo
717 4506 794 4574 quod,

237 4579 282 4644 ait,
292 4573 479 4630 monachorum
490 4574 609 4626 instituta
621 4591 722 4626 summo
736 4575 794 4626 odio

237 4641 525 4717 prosequantuu.”Nota
531 4643 795 4712 est.quaestio,utrum

841 1349 873 1399 ab
882 1347 989 1399 Essenis
998 1346 1213 1400 monaehiortum
1227 1348 1332 1412 ducant,
1348 1365 1409 1418 qna

841 1416 1408 1470 dereextantvelitationeSsummaeonten-

840 1486 912 1536 tione
929 1482 1033 1536 habitae
1049 1483 1117 1535 inter
1129 1483 1260 1536 Serarium
1277 1489 1304 1536 et
1317 1485 1408 1538 Scali-

841 1568 945 1621 gerum,
962 1568 1073 1620 quorum
1084 1558 1192 1622 uterque
1208 1568 1255 1621 pro
1267 1567 1317 1604 sna
1329 1555 1408 1622 quis·

842 1638 892 1690 que
916 1621 1045 1672 sententia
1066 1620 1154 1672 locum
1176 1618 1245 1672 hune
1268 1618 1409 1675 Philastrii

840 1688 950 1758 profert,
968 1688 1086 1740 Serarius
1102 1688 1206 1757 quidem
1218 1687 1241 1740 3.
1254 1687 1407 1743 TrihaereS.

845 1757 891 1822 10,
913 1756 1030 1825 Scaliger
1047 1773 1107 1808 vero
1125 1756 1237 1809 Elencho
1254 1756 1407 1812 Trihaercs.

841 1824 895 1889 31,
911 1825 957 1876 ubi
969 1824 1100 1876 Serarium
1113 1826 1235 1893 castigat,
1253 1826 1330 1893 quasi
1341 1824 1407 1878 Phi·

841 1894 924 1945 lastrii
944 1893 1122 1944 testimonium
1139 1894 1246 1944 minime
1267 1894 1408 1962 integrum

841 1961 1004 2030 produxerit;
1018 1961 1062 2011 sed
1072 1961 1187 2029 profecto
1200 1962 1338 2013 immerite.
1357 1961 1407 2015 Ul·

841 2031 905 2081 tima
914 2030 983 2081 enim
992 2030 1070 2080 verba
1081 2046 1147 2097 quae
1156 2029 1193 2080 ibi
1201 2031 1332 2098 praeterit,
1345 2031 1407 2083 lau-

842 2098 947 2149 daverat
958 2113 1036 2165 supra
1048 2113 1103 2166 cap.
1116 2097 1132 2148 4
1145 2104 1272 2161 extremo,
1285 2099 1331 2149 ubi
1344 2101 1409 2168 agit

842 2167 872 2218 de
884 2166 1042 2218 Essenorum
1059 2165 1225 2234 dogmatibus
1242 2167 1282 2217 vel
1294 2166 1408 2221 institu-

841 2236 883 2286 tis.
902 2234 952 2286 Eos
965 2251 1041 2303 porro
1059 2233 1155 2302 aliquid
1168 2251 1181 2284 e
1196 2232 1344 2286 Christiana
1355 2236 1408 2289 do·

842 2303 925 2354 ctrina
935 2301 1066 2365 hausisse,
1083 2302 1127 2353 sed
1140 2303 1167 2353 in
1178 2307 1262 2353 totum
1275 2300 1407 2356 Christia-

841 2388 889 2422 nos
906 2388 958 2422 non
976 2370 1069 2434 fuisse,
1087 2371 1188 2421 notarit
1204 2370 1349 2422 Salmasius
1369 2375 1407 2426 ad

842 2439 923 2490 Solin.
936 2454 995 2507 pag.
1008 2437 1078 2499 431.;
1094 2437 1224 2490 habebant
1239 2439 1308 2490 enim
1326 2456 1408 2507 prae-

841 2515 880 2559 ter
889 2513 1047 2576 ceteraquae
1054 2505 1205 2558 Christianis
1216 2507 1331 2558 moribus
1338 2526 1407 2562 con-

842 2577 971 2641 venirent,
994 2581 1115 2626 mutuum
1135 2575 1206 2642 inter
1224 2591 1252 2626 se
1275 2591 1407 2642 amorem,

842 2643 1406 2712 eastitatispropositum,despectumopum,

843 2713 1010 2764 antelucanas
1048 2727 1132 2772 seces,
1153 2717 1230 2779 atque
1250 2710 1408 2768 huiusmodi

843 2781 901 2831 alia.
924 2779 975 2830 Sed
986 2728 1137 2830 Phihastrius
1155 2796 1214 2831 enm
1231 2778 1308 2830 addat
1322 2779 1406 2834 Esse·

842 2865 891 2900 nos
905 2846 1037 2899 Christum
1049 2847 1182 2899 deminum
1199 2847 1240 2898 dei
1252 2847 1336 2899 filium
1347 2866 1409 2904 non

843 2922 1008 2984 expectasse,
1037 2915 1082 2966 sed
1111 2922 1138 2966 ut
1165 2915 1331 2984 prophetam,
1357 2926 1409 2973 ant

843 2986 941 3036 iustum
953 2982 1085 3035 hominem
1098 2985 1182 3036 solum
1195 2983 1342 3048 credentes,
1361 2989 1409 3040 vel

843 3052 904 3105 hino
921 3053 1002 3121 liquet
1020 3069 1064 3103 eos
1083 3051 1233 3104 Christianis
1252 3069 1305 3104 non
1323 3071 1409 3133 posse

844 3122 986 3183 accenseri,
1000 3120 1073 3200 ‘quod
1089 3138 1122 3172 ex
1139 3118 1187 3172 hoc
1200 3119 1332 3173 Philastrir
1344 3123 1409 3177 loco

844 3191 918 3242 video
935 3191 1066 3258 placuisse
1084 3190 1161 3241 etiam
1174 3189 1289 3241 Samueli
1300 3189 1409 3244 Basna-

844 3259 887 3326 gio
900 3259 973 3310 Tem.
986 3257 1005 3309 1.
1017 3257 1083 3309 Ann.
1097 3275 1121 3327 p.
1137 3257 1191 3309 172.
1210 3256 1351 3326 (Galeardl

877 3345 902 3395 b.
920 3341 1105 3395 monachorum
1118 3343 1210 3408 sitam]
1232 3341 1323 3410 Neque
1336 3360 1410 3398 uxo-

843 3428 884 3465 res
896 3411 1026 3474 habuisse,
1038 3428 1085 3463 1rec
1096 3427 1192 3474 servos,
1205 3417 1232 3461 at
1240 3414 1409 3467 communio·

843 3498 904 3532 nem
920 3480 970 3531 illis
991 3479 1072 3531 fuisse
1089 3480 1217 3530 bonorum
1236 3484 1347 3531 testatur
1364 3480 1409 3535 Io·

844 3548 939 3617 sephus
946 3547 1131 3628 xvl11.2.‚·qui
1141 3547 1172 3598 de
1181 3549 1235 3598 rita
1243 3547 1410 3606 Essenorum

843 3615 1410 3753 {laethales{ltlblthttltlt

842 3753 971 3822 Apologia
996 3770 1043 3821 pro
1068 3752 1169 3804 ludaeis
1195 3758 1221 3803 et
1242 3752 1308 3803 libro
1333 3759 1411 3823 quod

844 3820 1411 3892 omnisprobusliber.Iosephiverbalegun.

843 3896 885 3942 tur
897 3895 922 3940 et
939 3908 953 3940 a
973 3890 1007 3941 ud
1019 3888 1188 3957 Porphyrium
1201 3888 1243 3940 IV.
1256 3888 1287 3939 de
1299 3889 1411 3949 Abstin,

845 3965 871 4010 ct
882 3907 1024 4009 Eusebium
1036 3957 1081 4008 IX.
1094 3957 1118 4008 3.
1132 3957 1162 4008 de
1176 3957 1319 4076 Praeparat.
1345 3959 1411 4014 Phi.

845 4028 912 4079 lonis
922 4026 990 4095 apud
1000 4026 1229 4078 EusebiumVlIl.l
1258 4025 1329 4077 erla.
1348 4030 1411 4096 (F.)

880 4112 902 4146 c.
919 4095 947 4146 in
958 4095 1022 4145 locls
1041 4095 1177 4161 separatis]
1196 4093 1320 4162 Iosephus
1334 4097 1411 4150 affir.

845 4169 901 4214 mat
913 4180 965 4214 non
977 4167 1051 4213 extra
1063 4163 1138 4214 urbes
1148 4179 1231 4242 neque
1243 4163 1271 4213 in
1279 4179 1333 4214 una
1343 4166 1412 4220 civi-

847 4238 908 4294 tate,
921 4230 967 4282 sed
975 4231 1001 4281 in
1009 4231 1167 4298 quibuslibet
1175 4231 1323 4282 civitatibus
1334 4250 1411 4288 eom·

847 4301 933 4370 plures
954 4299 1106 4350 convenisse
1128 4307 1153 4350 et
1173 4315 1225 4350 una
1244 4299 1356 4365 vixisse,
1378 4305 1410 4358 in

847 4367 978 4419 communi
1002 4368 1177 4419 contubernio.
1212 4366 1284 4418 Philo
1313 4376 1411 4426 contra

847 4442 937 4487 auctor
946 4443 985 4487 est
994 4435 1125 4488 habitasse
1136 4433 1260 4504 κωμηδὸν,
1270 4439 1409 4506 pervices,

847 4505 963 4555 civitates
975 4521 1036 4556 vero
1048 4505 1157 4572 fugisse,
1169 4501 1211 4561 τὰς
1225 4502 1307 4562 πόλεις
1322 4501 1409 4577 traps.

847 4572 973 4640 πιομένους.
1000 4574 1084 4642 Atque
1101 4573 1131 4624 de
1147 4570 1240 4623 iisdem
1255 4588 1410 4631 sermonem

846 4658 904 4695 esse
925 4642 1026 4712 utrique
1046 4647 1118 4711 patet
1138 4639 1207 4710 quod
1226 4637 1299 4693 Philo
1315 4644 1408 4713 etiam,
