3046 5124
246 357 309 422 350
651 354 790 396 eunnnnn
802 354 994 395 nnssrnrsssre

246 513 316 593 trio,
332 515 439 596 utpote
455 510 615 574 rationalis
630 517 781 591 creatura,
796 509 1003 575 2commissus
1017 514 1075 592 est,
1096 516 1128 572 et
1142 508 1303 593 cogitandi
1318 530 1403 573 acce·

246 619 334 697 perat
348 613 542 694 facultatem,
564 616 728 677 scientiam
747 616 821 678 boni
840 615 935 677 uertit
954 612 994 676 ad
1007 612 1139 693 malum,
1161 618 1193 675 et
1205 612 1309 677 multa
1327 615 1404 695 eogi-

246 715 339 779 tando
356 716 456 780 laetus
472 722 521 781 est
534 719 679 780 inventor
692 704 768 779 mali
783 722 815 780 et
829 716 913 799 qnod
933 718 966 779 in
981 736 1015 778 se
1030 715 1224 799 perdiderat,
1243 714 1358 779 invidit
1376 718 1404 778 in

246 817 326 898 aliis,
342 839 400 882 neo
413 826 578 883 contentus
594 818 678 882 solus
694 821 795 902 perire
812 821 912 883 suasit
925 818 1011 900 aliis,
1031 820 1135 901 utqui
1150 824 1237 883 esset
1251 838 1329 881 suae
1342 839 1405 881 ma·

246 919 330 983 litiae
346 921 500 1003 inuentor,
516 922 604 984 steret
620 927 652 983 et
666 921 797 986 aliorum
812 927 929 1001 auctor,
945 927 977 983 et
991 941 1030 984 ex
1042 942 1076 984 co
1090 920 1210 985 malum
1225 920 1277 985 vel
1291 920 1406 985 malitia

245 1026 398 1106 percurrit
412 1026 445 1086 in
461 1029 579 1087 ceteras
596 1023 763 1087 rationales
779 1030 946 1087 creaturas.

69 1153 227 1217 crannum.
308 1125 399 1189 Unde
428 1128 641 1207 cognoscimus
668 1126 748 1189 nihil
776 1147 845 1189 esse
867 1131 980 1189 natura
1000 1124 1194 1190 immutabile
1219 1128 1284 1190 nisi
1309 1124 1405 1190 solum

68 1206 128 1257 (cm
142 1206 227 1257 Μ’)
246 1228 340 1291 cleum
356 1229 496 1311 ¹patrem
511 1234 542 1290 et
558 1226 657 1291 filium
672 1234 704 1291 et
718 1231 863 1312 spiritum
875 1236 1028 1309 sanctum,
1042 1230 1094 1311 qui
1105 1230 1221 1291 mutari
1232 1248 1296 1292 non
1308 1232 1406 1313 potest

245 1332 376 1411 abono,
399 1332 471 1413 quia
490 1336 602 1393 natura
620 1329 761 1414 possidet
780 1332 914 1412 bonum,
936 1351 994 1395 nec
1015 1336 1118 1416 potest
1136 1330 1223 1395 alind
1243 1330 1404 1415 quidesse

245 1453 338 1515 quam
359 1433 482 1496 bonum.

88 1566 138 1615 cup.
152 1567 227 1605 nnn.
308 1535 420 1617 Angeli
434 1556 518 1615 sero,
534 1537 586 1617 qui
602 1537 635 1598 in
646 1535 700 1598 illa
715 1556 776 1619 qua
791 1539 888 1600 creati
903 1542 977 1599 sunt
990 1534 1181 1600 beatitudine
1196 1542 1405 1619 perseverant,

89 1620 149 1669 (ω’
164 1618 227 1668 ¹⁸⁸³)
245 1659 308 1701 non
321 1643 434 1700 natura
448 1638 611 1721 possident
625 1638 758 1718 bonum,
773 1644 808 1701 ut
824 1660 885 1704 non
900 1645 1095 1703 mutarentur
1110 1658 1182 1701 eum
1200 1640 1333 1719 ceteris,
1352 1636 1403 1701 secl

247 1741 386 1803 ¹arlritrii
416 1746 577 1803 servantes
604 1740 719 1804 bonam
744 1740 935 1805 voluntatem
961 1748 994 1803 et
1018 1740 1134 1805 bonum
1159 1739 1351 1805 conditionis
1375 1750 1404 1801 ct

245 1843 339 1906 tidem
360 1863 414 1906 suo
437 1841 562 1906 domino
583 1840 813 1906 ²sorvaverunt.
850 1843 941 1908 Unde
960 1849 993 1905 et
1011 1845 1121 1907 merito
1140 1842 1265 1919 abipso
1281 1843 1403 1907 domino

245 1947 347 2008 sarrcti
362 1945 464 2026 angeli
480 1951 646 2026 vocantur,
668 1944 749 2028 quod
769 1946 948 2010 ³tenuerint
966 1946 1087 2011 arbitrii
1108 1946 1330 2028 sanct-itatem,
1348 1966 1403 2009 nec

244 2050 397 2111 sociorum
413 2048 553 2132 exemplo
569 2048 784 2113 ⁴deviauerint
799 2070 819 2111 a
832 2049 924 2113 bono.

99 2164 157 2216 (cap.
173 2164 225 2215 Lx.)
297 2148 373 2201 Fides
397 2165 470 2211 vera,
492 2165 557 2217 quae
575 2154 615 2201 est
626 2147 765 2212 catholica,
784 2148 900 2200 omnium
916 2154 1091 2202 creaturarum
1106 2148 1161 2199 sive
1177 2148 1336 2217 spiritalium
1351 2148 1402 2200 sire

243 2235 414 2304 corporalium
428 2234 523 2287 bonam
535 2234 671 2287 confitetur
683 2234 867 2297 substantiam,
885 2240 910 2286 et
928 2235 991 2287 nrali
1006 2234 1103 2286 nullam
1120 2249 1177 2286 esse
1193 2240 1330 2297 naturam
1345 2234 1402 2305 quia

243 2319 314 2385 deus,
328 2320 371 2388 qui
385 2319 560 2371 uniuersitatis
572 2326 613 2372 est
624 2320 748 2384 eonditor,
762 2318 825 2371 nihil
837 2336 890 2371 nen
902 2320 999 2371 bonurn
1012 2318 1080 2371 fecit.
1106 2316 1177 2371 Unde
1190 2323 1217 2371 et
1228 2318 1349 2371 diabolus
1360 2318 1400 2369 bo-

242 2422 291 2458 nus
304 2412 381 2469 esset,
394 2406 417 2457 si
428 2406 455 2457 in
468 2422 498 2457 eo
518 2405 603 2474 lquod
620 2404 704 2456 lactus
722 2410 761 2458 est
777 2410 947 2474 permaneret.
977 2404 1028 2457 Sed
1046 2404 1107 2473 quia
1120 2404 1235 2456 naturali
1251 2404 1401 2457 excellentia

241 2493 310 2543 male
327 2508 391 2543 usus
407 2496 448 2542 est
459 2497 484 2542 et
496 2490 523 2542 in
535 2491 642 2542 ueritate
654 2508 707 2542 non
719 2492 805 2555 stetit,
822 2507 875 2543 non
892 2491 918 2542 in
936 2488 1092 2543 contrariam
1108 2488 1283 2542 substantiam
1295 2489 1401 2551 transiit,

241 2577 286 2629 sed
299 2594 315 2629 a
326 2594 428 2629 summo
441 2577 517 2640 bono,
530 2577 570 2628 cui
583 2577 672 2629 debuit
683 2576 829 2639 adhaerere,
841 2575 968 2627 discessit.
1238 2572 1242 2581 '

87 2670 146 2721 (cap.
160 2671 223 2723 uxr.)
291 2664 404 2715 Virtutes
414 2662 546 2729 angelicae
559 2663 663 2730 quaein
676 2662 763 2714 divino
776 2678 863 2714 ansere
874 2662 944 2714 fixae
959 2660 1145 2732 ¹perstiternnt,
1159 2659 1242 2729 lapsis
1253 2662 1400 2731 superbien-

242 2749 310 2802 tibus
323 2749 432 2817 angelis,
450 2747 498 2799 hoc
510 2763 617 2799 munero
629 2747 806 2800 retributionis
818 2752 986 2817 aeceperunt,
1003 2752 1032 2799 ut
1043 2746 1114 2799 nulla
1123 2746 1176 2797 iam
1187 2745 1312 2815 rubigine
1322 2746 1399 2799 subri-

240 2835 336 2904 pientis
348 2834 440 2903 eulpae
453 2832 624 2898 mordeantur,
638 2839 666 2885 ut
678 2833 741 2885 etin
754 2833 971 2902 contemplatione
983 2830 1122 2884 conditoris
1134 2830 1190 2882 sine
1201 2830 1336 2885 felicitatis
1352 2832 1399 2885 fine

241 2925 417 2988 permaneant,
431 2924 456 2970 et
468 2919 494 2971 in
506 2917 556 2971 boo
567 2919 604 2970 sie
616 2918 734 2971 conditae
747 2924 852 2970 aeterna
864 2918 1005 2970 stabilitate
1016 2917 1165 2969 subsistant.

75 3030 135 3081 (ew,
150 3029 223 3082 Μ)
292 3006 367 3057 Tales
381 3005 460 3057 creati
472 3009 534 3056 sunt
546 3004 641 3073 angeli,
654 3010 690 3072 ut,
703 3005 725 3056 si
736 3004 841 3068 vellent,
852 3004 880 3055 in
894 3002 1058 3055 beatitudinis
1068 3004 1125 3055 luce
1135 3002 1314 3071 persisterent,
1325 3004 1347 3055 si
1358 3018 1398 3055 au·

241 3096 293 3141 tem
305 3091 414 3153 vellent,
432 3091 510 3142 etiam
528 3090 580 3141 labi
595 3091 750 3160 potuissent.
784 3088 858 3141 Unde
876 3094 901 3140 et
914 3088 994 3140 Satan
1006 3105 1065 3141 eum
1076 3088 1245 3156 sequentibus
1257 3088 1399 3157 legionibus

240 3176 339 3228 cecidit.
369 3175 420 3228 Sed
432 3183 493 3244 post
504 3176 558 3228 eius
575 3177 678 3245 lapsum
690 3176 727 3227 ita
738 3174 883 3227 confirmati
895 3181 956 3227 sunt
966 3174 1051 3243 angeli
1063 3173 1109 3242 qui
1118 3173 1302 3243 perstiterunt,
1317 3181 1347 3227 ut
1361 3190 1398 3227 es·

241 3261 300 3312 dere
314 3261 418 3312 omnino
432 3279 483 3312 non
496 3267 610 3330 possent,
628 3261 690 3330 qnia
701 3278 732 3313 na
746 3260 851 3314 omnino
863 3260 917 3313 iarn
929 3259 1055 3327 caderent,
1070 3259 1191 3311 rirtutenr
1202 3258 1398 3313 incommutabi-

240 3347 319 3399 litatis
332 3351 493 3413 acceperunt.

93 3470 143 3521 c„
157 3470 222 3511 m,
303 3434 406 3498 Bonae
423 3441 497 3498 sunt
512 3435 656 3519 nuptiae,
677 3433 731 3497 sed
754 3455 847 3499 causa
862 3433 994 3498 liliorum
1010 3438 1041 3497 et
1055 3432 1318 3517 ¹compescondae
1340 3436 1397 3499 lor·

63 3522 123 3573 “³⁸¹''
137 3522 222 3573 Μ)
239 3538 404 3603 nicationis
420 3538 559 3601 obtentu.

82 3678 132 3727 Cup·
147 3679 221 3718 m,
303 3642 411 3706 Melior
432 3646 480 3704 est
501 3641 709 3720 continentia,
730 3640 785 3703 sed
805 3661 869 3706 non
885 3640 963 3705 ¹sibi
978 3640 1093 3703 suflicit
1107 3638 1147 3703 ad
1162 3639 1398 3721 beatitudinem,

64 3729 123 3780 ‘⁰¹¹³'
138 3730 220 3780 mvl
240 3747 266 3808 si
281 3765 336 3829 pro
352 3744 417 3809 solo
433 3764 538 3807 amore
553 3742 722 3828 pudicitiae
738 3742 938 3825 ²retentetur,
953 3743 1008 3806 sed
1020 3745 1047 3806 si
1061 3740 1111 3806 ³et
1124 3740 1183 3807 hoc
1199 3764 1273 3807 cnm
1287 3744 1398 3809 ellectu

306 3880 330 3934 ‘L
343 3881 417 3932 adeo
430 3880 585 3932 commissus
597 3885 637 3932 est
647 3881 706 3932 edit.
719 3877 834 3931 Elmenb.

308 3950 369 4018 l'ap.
382 3949 503 4001 XXVlll.
516 3979 549 3987 —
569 3948 589 4000 1.
603 3965 661 4000 esse
673 3963 813 4016 perennem
825 3953 851 3999 et
860 3946 942 3999 filium
955 3948 1010 4001 cod.
1023 3946 1135 4001 Floreat.

307 4016 369 4087 Cap.
382 4018 484 4071 XXIX.
496 4048 529 4056 —
550 4017 570 4068 l.
583 4017 689 4068 arbitrio
702 4019 761 4069 ertit.
774 4014 888 4069 Elmerrt.
944 4016 969 4068 ⁴2.
981 4014 1150 4085 rependendo.
1172 4014 1281 4086 Propter
1311 4016 1363 4069 uod
1373 4021 1399 4069 et

239 4086 330 4137 merito
343 4089 402 4140 edit.
416 4086 532 4137 Elmealr.
578 4084 951 4138 3.tenuerurrtedttAEtmealr.
995 4086 1020 4138 4.
1034 4084 1200 4137 deviaverunt
1210 4086 1272 4139 edit.
1310 4086 1398 4139 luent.

306 4155 379 4223 (Gap.
392 4154 455 4223 LX.)
468 4155 499 4205 Iu
513 4163 571 4205 orate
583 4157 658 4206 editis
667 4158 718 4206 tra'u
733 4156 907 4221 istaccpituta
918 4151 1206 4221 [LX.,LX1.,LX11.]
1217 4172 1283 4221 quae
1295 4174 1314 4205 a
1324 4154 1398 4207 MSS

240 4222 336 4283 absunt,
349 4226 572 4290 ‹rdr'ectojircrrrnt
601 4222 713 4290 (Benedl
767 4221 789 4274 l.
801 4237 853 4303 quo
865 4221 941 4273 tuter
952 4226 1010 4275 edit.
1023 4221 1117 4273 Bened.

307 4289 380 4358 [Cap.
391 4291 472 4357 bill.)
492 4291 513 4344 l.
524 4292 706 4361 praestiterunt
719 4293 779 4343 edit.
792 4289 906 4341 btmerrlr.

238 4426 271 4495 (B
307 4360 368 4496 Gpp
380 4359 468 4411 XXX.
482 4389 513 4397 -
534 4360 555 4412 l.
573 4377 625 4411 non
643 4357 866 4429 concupiscentiae
883 4364 909 4409 et
920 4359 1098 4412 iorrricationis
1109 4359 1217 4411 obtentu
1228 4360 1332 4427 quiden
1343 4360 1398 4415 MS.

273 4443 320 4482 ene

306 4496 367 4565 Cap.
380 4494 482 4547 XXXI.
507 4495 528 4548 l.
545 4497 595 4549 sibi
611 4495 668 4549 sola
684 4496 782 4550 sufficit
797 4496 877 4547 edidit
895 4496 1017 4560 arment,
1033 4500 1065 4549 de
1081 4500 1200 4551 auctorit.
1211 4498 1268 4551 eod.
1286 4496 1398 4551 Floreat.

239 4564 262 4615 2.
273 4570 438 4616 recenseatur
453 4567 512 4617 edit.
529 4566 643 4617 Elmenb.
657 4567 781 4618 retinetur
790 4564 872 4627 „atta”
884 4584 926 4633 up.
939 4566 1052 4619 Etmerrb.
1103 4566 1128 4619 3.
1140 4572 1234 4619 etcum
1245 4566 1293 4619 lali
1304 4564 1396 4619 effectu

239 4636 299 4684 edit.
311 4632 424 4687 nonant.
446 4632 532 4684 Etiunr
546 4638 572 4683 ia
585 4637 640 4687 cod.
654 4634 725 4687 Flos.
737 4644 775 4685 est
785 4632 887 4686 affectu.
