3046 5124
551 349 760 395 musanus
1174 347 1235 415 25⁶1

134 504 340 589 sexagesima
354 507 464 590 quinta
477 505 616 573 haeresis
631 505 902 573 ¹Coluthianorum
921 501 1091 586 aquodam
1104 502 1235 569 Ooluthe
1253 530 1305 584 cea
1317 529 1392 572 cnr.v

72 610 212 673 emersit
234 608 276 673 Hi
291 609 400 675 dicunt
415 608 508 674 deum
523 630 644 675 creasse
659 608 744 675 mala
756 613 789 672 et
803 607 897 689 bona,
911 604 1085 672 secundnm
1098 605 1237 671 litteram

72 712 249 777 sentientes
264 711 347 795 quod
368 711 496 795 dicitur,
516 710 604 799 ²Ego
624 713 699 777 daus
720 700 831 776 aracha
849 711 936 775 areola
951 720 984 775 ,et
993 709 1122 794 faciem
1139 708 1236 786 booo5

73 833 148 879 cum
170 812 248 879 deus
268 813 329 880 hoc
349 836 405 900 per
429 814 615 900 prophetam
633 815 825 900 promiserit,
848 813 931 897 quod
955 813 1074 879 faceret
1095 831 1147 877 eos
1168 815 1236 878 sine

72 904 179 1001 gladio
194 916 333 983 hostium
346 919 463 999 rivere,
479 924 511 981 et
524 918 641 982 faceret
655 923 772 982 terram
785 916 859 981 dare
873 937 1000 999 germen
1015 937 1122 997 suum,
1136 916 1236 980 abun·

73 1017 279 1117 damnique
294 1023 435 1102 emnium
448 1021 587 1103 longum,
607 1021 633 1083 si
650 1022 717 1084 eius
736 1018 884 1083 mandata
903 1025 1097 1101 servassent,
1116 1021 1145 1083 si
1163 1039 1237 1084 vero
1260 1076 1264 1082 .

72 1125 341 1209 praevaricatores
356 1129 477 1206 essent,
491 1123 629 1206 gladium
644 1130 676 1187 et
689 1124 804 1187 famem
817 1128 1016 1207 paterentur,
1033 1128 1066 1186 et
1078 1121 1128 1186 his
1145 1121 1237 1187 dietis

74 1223 264 1307 adiunxerit,
278 1225 350 1313 Ego
366 1227 440 1290 deca
455 1248 566 1291 creans
579 1226 675 1306 aeolo,
690 1226 853 1310 etfaciam
869 1224 960 1307 bono,
975 1225 1022 1289 illi
1036 1224 1095 1289 hoc
1107 1224 1147 1289 ad
1162 1224 1237 1289 sub·

74 1329 227 1393 nuntiam
240 1327 281 1393 ab
296 1332 401 1413 specie
420 1329 644 1393 transferentes
663 1327 817 1393 malorum
835 1326 930 1405 deum
949 1328 1100 1393 adserunt
1117 1333 1237 1392 creato-

72 1448 155 1497 rem.
190 1430 270 1496 Cum
289 1437 431 1496 creatura
449 1430 538 1495 nulla
551 1433 594 1495 sit
607 1430 700 1512 mala,
715 1436 862 1517 possunt,
883 1437 920 1495 ut
933 1431 1042 1514 video,
1061 1431 1155 1495 deum
1170 1430 1237 1494 bla-

75 1532 243 1619 sphemare
258 1554 451 1619 perversum,
467 1536 540 1618 quia
555 1533 631 1599 dicit
646 1533 685 1598 ad
696 1532 857 1618 populum,
872 1530 929 1598 ³Si
939 1532 1174 1599 coadoleveritie
1189 1555 1238 1598 re·

75 1638 129 1717 cti,
145 1646 176 1701 et
189 1659 244 1722 ego
259 1635 418 1701 achiacum
432 1636 600 1703 corbalabo
615 1647 735 1701 rectae:
756 1638 786 1700 si
798 1647 903 1701 cotem
916 1635 1153 1702 archolooara'tis
1162 1658 1239 1722 per·

74 1741 169 1820 cerei,
183 1750 214 1803 et
227 1761 283 1825 epo
297 1740 442 1805 tarem
455 1739 615 1804 cetheum
624 1730 802 1825 perversos.

139 1840 343 1925 Sexagesima
362 1848 451 1906 sexta
470 1841 609 1907 haeresis
623 1841 852 1924 Marianorum,
871 1862 891 1904 a
909 1840 1069 1925 Floriano,
1088 1844 1142 1925 qui
1163 1842 1240 1907 dicit
1258 1846 1308 1900 eae
1320 1844 1395 1889 ml·

74 1942 177 2028 mohs
188 1946 309 2009 animas
321 1952 354 2008 et
364 1945 463 2012 bonas
475 1967 494 2009 a
505 1945 563 2010 deo
575 1947 682 2009 creari.
704 1945 789 2026 ldeo,
804 1945 916 2027 inquit,
932 1947 985 2027 qui
996 1943 1144 2010 malitiosi
1156 1951 1240 2026 sunt,

75 2045 153 2113 meli
167 2053 244 2111 sunt
257 2055 290 2113 et
303 2069 366 2113 non
380 2054 551 2131 mutantur,
567 2054 598 2111 et
615 2049 687 2113 boni
702 2046 886 2132 simpliciter
899 2048 1041 2112 viventes
1056 2068 1119 2113 non
1134 2051 1168 2113 in
1182 2069 1239 2112 au·

76 2146 203 2241 decim
215 2153 395 2234 iniquorum
410 2151 572 2216 hominum
586 2150 818 2235 protrahuntur.
856 2147 941 2225 Quod
964 2149 1082 2214 dietum
1102 2150 1238 2216 aTheo-

77 2250 155 2318 doro
168 2252 305 2318 breviter
319 2256 455 2321 vincitur
469 2256 528 2317 ita:
544 2252 637 2318 Iudas
652 2253 753 2318 bonus
768 2252 843 2333 fuit,
864 2256 896 2314 et
914 2250 1015 2314 factus
1037 2259 1085 2316 cst
1098 2253 1239 2317 traditor.

76 2354 151 2443 Ipso
173 2362 314 2441 tempore
337 2377 397 2440 quo
419 2359 567 2420 meretrix
591 2358 730 2442 pessima
750 2354 896 2437 lacrymis
919 2354 1040 2436 rigabat
1060 2356 1157 2440 pedes
1173 2358 1240 2419 eius

77 2458 329 2524 misericordiam
343 2480 512 2543 quaerens,
532 2461 560 2523 si
574 2461 711 2522 animam
729 2456 847 2521 malam
868 2457 978 2522 habuit
996 2456 1122 2540 mulier,
1145 2478 1240 2542 quare

77 2561 114 2627 in
131 2563 310 2627 meretricio
332 2564 461 2626 crimine
482 2582 547 2625 non
567 2583 603 2625 eo
623 2568 763 2646 tempore
783 2558 983 2646 perduravit?
1021 2561 1149 2626 Constat
1169 2581 1240 2644 ergo
1264 2620 1269 2631 .

78 2665 202 2729 animas
216 2663 315 2729 bonas
331 2664 422 2730 adeo
438 2664 596 2743 conditas3
612 2664 726 2748 quibus
740 2684 797 2749 per
812 2670 956 2728 naturam
965 2663 1024 2729 hoc
1036 2666 1140 2728 inesse
1153 2685 1240 2730 erca-

78 2772 128 2833 tor
141 2765 284 2851 indulsit,
299 2773 334 2832 ut
349 2788 421 2831 cum
436 2770 500 2831 sint
521 2768 637 2848 bonae,
657 2788 721 2832 non
740 2767 842 2832 solnm
862 2772 934 2831 actu
953 2787 1008 2832 suo
1028 2766 1241 2849 meliorentur,

78 2868 137 2935 sed
151 2871 248 2935 etiam
261 2873 295 2935 in
309 2873 379 2955 ipsa
392 2873 515 2956 possint
528 2870 724 2953 malignitate
740 2872 895 2952 converti,
916 2869 991 2934 dum
1009 2869 1088 2936 illud
1107 2869 1240 2954 diligen-

78 2974 125 3039 tia
138 2974 270 3056 inuenit,
286 2973 343 3038 hoe
359 2975 491 3038 incurrit
504 2973 703 3056 negligentia.

142 3076 346 3160 sexagesima
366 3082 397 3139 et
418 3079 552 3160 septima
572 3075 711 3140 haeresis
732 3082 781 3139 est
795 3075 1074 3158 Satannianorum,
1093 3077 1241 3142 aSatan·
1259 3079 1311 3132 ⁰⁸1³·
1323 3079 1409 3122 ΒΜ·

79 3181 145 3245 nio.
165 3179 209 3245 Hi
223 3178 333 3243 dicunt
346 3185 418 3264 post
432 3179 694 3243 resurrectionem
708 3184 901 3244 mortuorum
915 3181 949 3243 in
964 3179 1074 3245 eodem
1089 3186 1188 3263 statu,
1208 3183 1241 3245 in

80 3304 142 3370 quo
157 3302 240 3347 nunc
256 3303 375 3364 snmus,
390 3303 448 3346 nos
464 3302 532 3346 esse
547 3302 728 3364 mansuros,
748 3302 850 3365 neque
866 3283 910 3346 ita
925 3303 994 3348 esse
1008 3284 1192 3366 mutandos,
1207 3288 1242 3347 ut

78 3388 124 3453 sit
137 3384 259 3451 caelum
273 3405 390 3450 novum
406 3393 438 3448 et
451 3391 535 3448 terra
549 3406 646 3467 nova,
667 3387 747 3448 sicut
768 3391 877 3450 sancta
893 3385 1063 3472 ¹scriptura
1077 3389 1240 3473 promittit

79 3489 197 3556 Contra
211 3487 267 3553 hos
283 3490 444 3572 utriusque
459 3490 639 3552 testamenti
651 3490 769 3572 scripta
782 3487 950 3553 luctantur.

143 3591 345 3675 Sexagesima
363 3597 396 3655 et
415 3597 525 3655 octava
544 3591 681 3656 haeresis
702 3598 751 3656 est
770 3591 1053 3677 Gymnopodarum.
1088 3592 1130 3656 Hi
1149 3589 1243 3657 nudis
1262 3593 1313 3647 ⁰⁸1³·
1326 3592 1423 3637 Ulm-

77 3694 214 3783 pedibus
234 3715 357 3780 semper
378 3693 555 3777 ambulant,
578 3715 614 3759 eo
635 3694 718 3778 quod
739 3693 853 3758 dixerit
872 3694 1017 3759 dominus
1039 3693 1080 3759 ad
1093 3694 1243 3777 Moysem,

79 3796 192 3865 1δοίυο
207 3799 450 3863 calceamentum
465 3798 502 3861 de
511 3796 648 3883 pedihus
663 3800 739 3875 ιαὼς
761 3804 793 3861 et
809 3797 891 3882 quod
906 3803 1034 3861 sanctus
1049 3794 1062 3835 ²
1067 3797 1175 3862 Esaias
1195 3797 1241 3861 le·

78 3903 164 3987 gitur
178 3900 271 3965 nudis
286 3899 419 3985 pedibus
435 3899 621 3966 ambulasse.
657 3900 731 3965 Idco
746 3900 780 3965 hi
795 3899 933 3965 schisma
946 3900 1075 3983 faciunt,
1096 3900 1243 3983 quoniam

79 4005 237 4073 calceatos
252 4004 471 4069 condemnant.

143 4108 182 4173 In
197 4109 423 4190 sexagesimam
439 4112 470 4169 ct
488 4126 604 4170 nonam
618 4106 781 4170 haeresem
800 4105 985 4171 Donatistae
1005 4126 1024 4169 a
1043 4105 1165 4171 Donato
1187 4129 1242 4172 ex·
1261 4115 1312 4169 0⁸1²·
1325 4115 1398 4160 mx·

80 4213 141 4277 orti
157 4217 241 4291 sunt,
257 4212 309 4293 qui
324 4215 451 4294 propter
467 4208 643 4273 ordinatum
658 4214 766 4275 contra
780 4229 868 4272 suam
883 4205 1076 4273 voluntatem
1091 4209 1242 4276 Caecilia-

79 4334 168 4395 num,
182 4313 334 4377 ecclesiae
350 4311 616 4392 Carthaginiensis
631 4314 821 4397 episcopum,
842 4308 979 4375 schisma
993 4312 1143 4397 lecerunt,
1163 4315 1242 4380 obii·

132 4430 195 4552 Gap.
206 4430 286 4485 LXV.
304 4429 381 4509 -·1.
395 4428 581 4522 Oolutmrorrrnr
597 4446 613 4482 a
630 4429 742 4500 quodam
760 4427 904 4483 Coluthano
921 4428 976 4483 MS.
994 4432 1062 4500 Aac.
1114 4431 1138 4485 2.
1150 4432 1241 4486 Esaiae

79 4500 197 4641 XLdipl
207 4498 322 4623 magia
323 4496 571 4630 Vsst‘rihvd'etli‘ffl,
586 4565 624 4622 13.
1265 4541 1267 4546 ’

133 4635 499 4709 ceparum-rixae
510 4634 591 4702 nra
642 4630 667 4690 2.
679 4633 747 4690 Esai.
759 4634 821 4702 XX,
833 4632 857 4690 2.

1010 4722 1040 4778 17
