3046 5124
274 388 353 440 m·
760 373 952 424 anuarino.

277 514 342 588 cet,
375 508 416 573 ad
446 527 562 573 annum
591 508 719 572 DLXlI.
742 510 862 573 redeat.
911 508 1045 573 Constat
1071 505 1156 570 foliis
1184 507 1438 572 membranaceis

150 670 169 698 ,
280 620 353 698 137,
376 618 610 682 characteribus
629 618 830 683 nitidissimis
852 618 1011 699 tripertito
1035 617 1251 699 conscriptus;
1277 617 1338 681 fuit
1359 619 1437 683 olim

277 728 486 793 bibliothecae
507 728 695 792 Monasterii
718 728 748 792 S.
765 728 886 792 Mariae
907 728 1081 808 Deiparae,
1102 727 1187 792 unde
1203 729 1244 792 ad
1261 728 1438 793 Britannos

278 840 429 904 advectus
452 845 503 903 est
524 855 607 902 anno
626 837 847 902 MDCCCXLI.
888 837 1061 919 Epiphanii
1074 837 1201 903 libellus
1222 838 1340 920 legitur
1360 839 1438 904 inde

278 948 371 1014 afol.
393 949 512 1013 maha
537 965 639 1029 usque
660 948 702 1012 ad
723 946 776 1012 iol.
792 948 920 1012 136.b¹.

290 1045 293 1048 ⁴
362 1056 654 1139 Anacephalaeosis
685 1059 810 1123 codices
838 1057 949 1138 scripti
976 1076 1033 1138 per
1055 1057 1160 1122 varias
1182 1058 1304 1139 passim
1325 1058 1439 1124 biblio-

279 1169 389 1234 thecas
413 1172 621 1234 recensentur
642 1168 835 1250 complureS,
866 1187 1000 1249 quorum
1021 1173 1145 1248 partem
1172 1174 1315 1233 notatam
1336 1170 1438 1236 habes

278 1278 312 1344 in
332 1278 470 1343 Fabricii
491 1277 640 1343 Bibhoth.
657 1277 711 1342 Gr.
732 1277 792 1342 vol.
806 1279 903 1357 VIH,
925 1296 997 1359 pag.
1011 1278 1074 1342 263
1087 1296 1154 1361 sqq.
1176 1278 1265 1344 Harl.
1287 1278 1366 1343 Mihi
1380 1299 1438 1343 au-

280 1394 345 1453 tem
367 1393 496 1469 praeter
517 1389 684 1452 Ienensem
708 1392 740 1451 et
761 1388 1045 1453 Vratislaviensem
1074 1389 1154 1454 alios
1181 1388 1339 1470 inspicere
1362 1408 1439 1471 ope-

278 1516 334 1562 rae
356 1499 499 1579 pretium'
515 1517 579 1562 non
595 1503 646 1562 est
661 1498 773 1562 visum.
810 1498 984 1562 Plurimum
1000 1498 1108 1562 auxilii
1125 1505 1191 1563 tarn
1214 1500 1338 1566 adhoc
1360 1518 1440 1582 opu·
1506 1525 1509 1530 ·

283 1608 405 1672 sculum
428 1626 522 1689 quam
544 1609 586 1672 ad
608 1608 787 1672 Summaria
808 1608 943 1689 singulis
960 1608 1089 1674 Panarii
1111 1611 1206 1675 tomis
1228 1612 1370 1692 praefixa
1389 1631 1441 1677 re-

283 1719 453 1800 purganda
474 1723 569 1799 atque
592 1718 791 1783 emendanda
813 1718 929 1783 adtulit
946 1705 1074 1786 loannis
1092 1720 1284 1786 Damasceni
1300 1723 1340 1787 de
1355 1723 1442 1787 Hae-

283 1827 409 1894 resibus
436 1827 530 1908 liber,
561 1828 697 1908 primum
723 1829 763 1894 ab
791 1831 815 1893 1.
832 1828 868 1892 B.
884 1828 1042 1893 Cotelerio
1064 1829 1097 1894 in
1119 1830 1333 1897 Monumentis
1355 1832 1442 1897 Eccl.

283 1938 337 2004 Gr.
355 1939 415 2003 vol.
432 1939 470 2017 l.,
494 1957 566 2020 pag.
584 1940 645 2003 758
661 1958 743 2020 sqq.‚
767 1939 883 2004 deinde
905 1958 925 2003 a
945 1940 987 2003 M.
1004 1942 1051 2004 Le
1068 1939 1190 2017 Quieno
1210 1941 1295 2006 inter
1317 1942 1444 2024 reliqua

283 2048 414 2113 Ioannis
431 2049 622 2113 Damasceni
638 2067 737 2130 opera
753 2049 951 2113 emendatius
969 2050 1083 2115 editus.
1112 2051 1218 2115 Aliam
1231 2052 1361 2116 Panarii
1376 2052 1444 2133 epi-

283 2165 407 2239 tomen,
440 2159 541 2223 idest
562 2159 695 2241 triginta
716 2164 852 2240 quatuor
879 2160 1052 2241 primarum
1079 2160 1148 2225 eius
1175 2161 1371 2242 haeresium,
1400 2163 1443 2228 ab

282 2269 408 2335 homine
431 2269 517 2334 haud
537 2269 697 2335 inerudito
721 2269 911 2349 conlectam,
935 2270 1075 2336 servavit
1095 2271 1195 2336 codex
1217 2272 1355 2352 scriptus
1378 2271 1442 2337 Pa-

281 2379 400 2445 risinus
417 2379 627 2445 bibliothecae
641 2381 715 2445 olim
737 2381 845 2461 regiae
866 2399 933 2446 nro.
947 2379 1144 2460 DCCGLIV,
1166 2381 1369 2462 gossypinuS,
1389 2399 1443 2447 se-

284 2489 347 2555 culi
361 2490 448 2553 Xlll.
471 2489 512 2569 (v.
532 2489 632 2554 Catal.
650 2490 731 2556 Bibl.
749 2491 870 2571 Regiae
891 2490 952 2554 vol.
965 2491 1014 2570 11,
1034 2508 1106 2572 pag.
1125 2491 1218 2572 165),
1241 2491 1330 2556 cuius
1347 2491 1382 2556 in
1396 2491 1445 2557 io-

284 2598 328 2663 li0
344 2599 395 2664 55.
412 2618 436 2663 r.
458 2598 575 2679 legitur
591 2598 671 2663 haec
685 2600 866 2681 inscriptio:
884 2595 938 2659 Ἐκ
952 2603 1006 2678 τῆς
1027 2601 1132 2678 βίβλου
1150 2605 1203 2662 τοῦ
1225 2601 1256 2663 έν
1278 2595 1373 2683 ἆγέοις
1387 2626 1445 2664 πα-

286 2703 355 2790 τρὸς
377 2703 464 2786 ἡμῶν
481 2705 663 2786 Ἐπιφανίου
693 2705 858 2771 ἐπισκόπου
880 2705 1010 2790 Κύπρου
1036 2715 1088 2788 τῆς
1115 2705 1190 2772 κατὰ
1212 2716 1269 2773 τῶν
1291 2712 1444 2795 αἱρέσεων,

286 2812 352 2898 ἥτις
380 2814 532 2897 ἐπεκλήθη
563 2812 733 2900 tlalamo,
767 2813 832 2896 ἤτοι
862 2813 1030 2897 napuras,
1062 2822 1224 2901 γραφείσης
1251 2817 1320 2903 παρ’
1350 2820 1447 2885 αὐτοῦ

287 2923 404 3002 οἷξιοέσει
428 2934 517 2991 τινῶν
539 2926 774 3010 ἆρχιμσνδριτῶν
801 2928 853 2990 κοιλ
875 2928 1096 3011 πρεσβυτέρων,
1125 2925 1265 2995 Ἀκακέου
1286 2932 1338 2993 παλ
1362 2930 1448 2994 Πού-

286 3043 355 3114 λου,
379 3029 421 3101 civ
443 3034 479 3101 τοὶ
501 3033 683 3120 μουοστήρια
705 3038 737 3101 έν
759 3043 795 3124 τῇ
818 3041 914 3124 Κοίλῃ
937 3040 1042 3122 Συρίᾳ.
1086 3040 1184 3122 Incip.
1205 3035 1299 3120 Ἀδὰμ
1320 3047 1357 3129 τῇ
1376 3042 1448 3130 ἕκτῇ

286 3144 384 3234 ἡμέρᾳ
406 3148 550 3220 πλασθεὶς
572 3143 630 3210 eiad
653 3153 706 3227 τῆς
727 3154 795 3230 γῆς,
824 3149 876 3213 fin.
899 3148 1056 3213 f01.64.v.
1085 3150 1135 3214 his
1157 3152 1279 3217 verbis:
1309 3147 1369 3215 ἄπο
1392 3158 1449 3215 τοῦ

289 3259 397 3332 αἰῶνος
417 3257 540 3320 τούτου·
570 3253 634 3319 εἶτα
658 3261 810 3340 μυρίζουσι
833 3255 925 3321 αὐτὸν
947 3255 1150 3346 ὄποβαλσᾶμῳ
1173 3260 1223 3322 καὶ
1246 3261 1383 3342 γενέσθαι
1404 3261 1449 3323 λέ-

289 3388 373 3451 γουσι
395 3367 511 3431 τέλειον.
554 3369 593 3432 Id
611 3369 798 3450 opusculum
815 3368 958 3434 tortasse
975 3371 1245 3452 operaepretium
1262 3373 1323 3437 erit
1335 3378 1373 3437 ut
1390 3391 1449 3453 pu-

289 3477 364 3544 brici
385 3478 463 3543 iuris
485 3478 550 3542 fiat.
594 3479 686 3555 Quod
709 3479 737 3542 si
759 3480 898 3561 spatium
921 3479 1014 3545 alteri
1036 3480 1129 3545 huius
1148 3481 1276 3566 Panan'i
1299 3483 1449 3548 editionis

289 3594 377 3655 torno
400 3590 440 3654 ab
461 3589 696 3654 honestissimis
719 3589 788 3653 eius
803 3590 1058 3670 redemptoribus
1077 3591 1279 3672 praefinitum
1296 3594 1451 3674 permise-

290 3700 347 3780 rit,
369 3718 435 3764 una
457 3715 527 3763 cum
549 3698 693 3780 pluribus
716 3718 734 3763 e
755 3699 887 3765 Nicetae
909 3700 1084 3766 Choniatae
1106 3703 1270 3767 Thesauro
1292 3705 1451 3770 Orthodo-

291 3830 350 3876 xae
372 3809 477 3890 Fidei,
498 3809 667 3873 maximam
688 3814 812 3890 partem
834 3809 969 3891 inedito,
992 3812 1025 3876 in
1047 3832 1140 3894 quern
1163 3819 1274 3878 auctor
1294 3814 1395 3879 multa
1410 3815 1451 3878 de

291 3920 462 4003 Epiphanii
479 3917 616 3984 Panario
638 3918 775 4000 recepit,
800 3938 820 3985 a
839 3938 891 3984 mc
913 3923 1084 4002 excerptis,
1107 3923 1241 3988 adiectis
1264 3924 1361 3989 etiarn
1379 3924 1451 3988 aliis

292 4007 374 4110 duae
395 4032 438 4096 ad
460 4029 744 4095 commendandam
771 4029 853 4095 hanc
875 4031 1047 4098 editionem
1070 4032 1247 4114 conferent,
1276 4034 1364 4107 velut
1385 4033 1453 4116 epi·

293 4144 428 4205 metrum
448 4141 562 4206 harum
582 4157 689 4205 rorum
712 4138 866 4205 studiosis
888 4141 921 4205 in
941 4141 1108 4207 Addendis
1129 4161 1315 4225 proponam.

380 4248 487 4314 Pauca
509 4250 644 4316 adiciam
667 4268 749 4332 quae
770 4249 887 4330 partim
910 4252 952 4316 ad
975 4252 1194 4333 explicandam
1213 4254 1329 4335 partim
1344 4255 1387 4319 ad
1400 4272 1453 4318 ex·

295 4357 470 4424 cusandam
492 4365 640 4440 spectant
659 4360 817 4426 rationem
839 4377 934 4441 quarn
956 4361 989 4426 in
1011 4364 1196 4429 adornando
1217 4365 1279 4429 hoc
1298 4365 1380 4430 libro
1403 4383 1454 4430 se·

295 4474 388 4535 cutus
412 4485 491 4533 sum.
533 4470 656 4536 Patavii
671 4471 850 4538 versionem
865 4472 1015 4538 Latinam
1030 4474 1155 4540 servavi
1171 4474 1334 4556 intactam,
1356 4475 1453 4540 etiam

294 4579 350 4646 ubi
371 4579 496 4646 Graeca
517 4579 681 4661 scriptoris
702 4582 802 4648 verba
822 4601 843 4649 a
863 4600 915 4648 me
936 4589 1079 4651 correcta
1100 4587 1190 4666 sunt,
1212 4584 1299 4666 quod
1321 4602 1360 4650 ex
1383 4603 1455 4667 gra·
