3046 5124
421 344 903 389 nnncmmmsrrcrsnoerrscmus
1175 350 1237 418 353

79 499 215 582 condita,
229 505 262 566 et
274 521 339 566 non
353 506 402 564 est
414 501 507 584 mala,
522 509 557 566 ut
570 502 680 567 volunt
694 502 879 568 ¹Sethianns
895 510 926 567 et
940 501 1119 589 'Ophianus
1135 511 1167 570 et
1176 506 1236 570 Pa-

77 602 245 681 tricianus3
260 623 319 668 nec
333 603 410 668 mali
424 625 528 687 causa,
543 610 579 668 ut
594 604 700 669 docuit
713 605 882 686 ³Plotium,
896 627 955 672 neo
971 627 1009 670 ex
1019 607 1100 672 malo
1113 616 1145 672 et
1156 609 1236 675 bono

78 713 252 791 compacta,
265 713 301 770 ut
313 705 515 771 Manichacus
531 707 736 794 blasphemat.
759 707 821 772 Sed
837 731 905 774 cum
922 710 965 774 sit
979 713 1134 775 creatione
1145 711 1235 794 bona,

77 807 207 874 arbitrio
221 807 364 873 ⁴animae
380 809 514 873 efficitur
528 810 618 874 nobis
633 810 683 874 rel
698 811 781 876 bona
794 811 844 875 vel
862 812 955 895 mala,
969 833 1032 877 non
1047 813 1236 878 ⁵mutatione

76 909 288 993 substantiae,
303 910 360 976 sed
380 911 591 977 ⁶executionis
606 913 758 978 mercede.
795 914 869 1000 ipsa
887 917 971 979 enim
986 922 1034 979 est
1049 935 1126 1000 quae
1142 917 1238 980 stabit

76 1019 151 1078 ante
166 1013 304 1078 tribunal
319 1013 446 1095 Christi,
466 1013 516 1078 ⁷in
532 1036 592 1099 qua
607 1017 720 1079 referat
733 1017 838 1081 anima
852 1019 977 1101 propria
994 1020 1131 1103 corporis
1146 1024 1237 1103 prout

75 1115 185 1197 gessit,
201 1117 266 1181 sive
283 1116 408 1197 bonum,
424 1111 489 1180 siv'e
505 1118 631 1181 malum.

139 1218 177 1282 ln
189 1221 413 1283 resurrectione
429 1240 468 1283 ex
481 1222 612 1284 mortuis
627 1241 720 1285 sexus
735 1222 834 1288 forma
844 1243 909 1286 non
922 1204 1103 1304 mutabitur,
1118 1222 1174 1288 sed
1188 1223 1237 1289 vir
1253 1243 1302 1295 cu.
1316 1246 1388 1286 ων.

75 1327 218 1385 mortuus
233 1328 372 1405 resurget
387 1325 419 1385 in
435 1323 534 1386 forma
545 1322 615 1404 viri,
630 1329 661 1385 et
671 1323 788 1387 lemine
798 1324 829 1387 in
843 1325 943 1388 forma
953 1327 1098 1406 feminae,
1113 1326 1235 1390 ¹carens
1252 1296 1312 1348 (ω’
1326 1298 1438 1349 mm)

75 1444 171 1488 sexus
188 1430 294 1488 tamen
313 1424 405 1488 huius
425 1424 507 1488 vitae
522 1430 645 1488 tantum
667 1425 860 1508 conditione,
880 1448 943 1492 non
963 1431 1067 1512 specie
1090 1429 1235 1512 naturali,

75 1546 115 1590 ne
130 1546 194 1591 non
210 1526 254 1589 sit
265 1547 341 1591 vera
356 1529 553 1607 resurrectio,
568 1529 595 1590 si
611 1547 673 1591 ncn
689 1527 721 1591 id
736 1535 878 1611 resurget
893 1530 975 1614 quod
991 1529 1084 1595 cadit.
1129 1538 1132 1543 '

139 1629 222 1693 Ante
237 1629 433 1713 ¹passionem
449 1629 583 1709 domini,
603 1651 709 1694 omnes
730 1633 851 1694 animae
867 1639 1045 1698 sanctorum
1064 1636 1098 1697 in
1112 1632 1233 1699 inferno
1252 1654 1301 1705 σιμ
1314 1654 1376 1696 rav.

75 1730 135 1795 sub
151 1730 257 1796 debito
272 1731 646 1816 praevaricationisAdae
662 1733 858 1815 tenebantur,
874 1734 972 1799 donec
984 1736 1165 1801 auctoritate
1178 1736 1233 1801 do·
1252 1707 1311 1759 (⁰⁸l'
1324 1706 1447 1759 mm>

74 1833 153 1898 mini
168 1855 224 1918 per
238 1833 410 1898 indebitam
422 1835 487 1896 eius
498 1841 631 1899 mortem
643 1833 702 1898 ²'de
715 1835 819 1899 servili
831 1836 1008 1902 conditione
1020 1838 1233 1903 liberarentur.

136 1935 215 2000 Post
229 1938 445 2000 ascensionem
461 1937 578 2000 domini
593 1937 633 2000 ad
649 1939 750 2002 caelos
766 1941 905 2003 omnium
921 1945 1098 2004 sanctorum
1112 1945 1233 2007 animae
1250 1962 1302 2014 cap.
1313 1963 1386 2005 ravi.

75 2059 148 2103 cum
159 2038 283 2102 Christo
298 2046 382 2121 sunt,
397 2046 428 2101 et
440 2048 589 2103 exeuntes
606 2039 643 2103 de
656 2061 781 2125 corpore
793 2040 833 2103 ad
845 2041 1002 2105 Christum
1018 2043 1162 2127 ¹vadunt‚
1178 2066 1232 2109 ex·
1251 2014 1310 2067 ‘⁰⁸⁹‘
1324 2014 1426 2066 mm

74 2147 237 2227 pectantes
256 2141 518 2206 resurrectionem
538 2142 675 2226 corporis
699 2145 757 2223 sui,
779 2150 813 2205 ut
832 2142 871 2206 ad
892 2144 1044 2226 integram
1059 2152 1091 2208 et
1105 2144 1232 2233 ¹·’perpe-

73 2250 161 2308 tuam
175 2243 402 2308 beatitudinem
418 2246 571 2329 cumipse
587 2246 703 2328 pariter
717 2247 934 2322 immutentur3
951 2249 1032 2310 sicut
1045 2254 1077 2310 et
1088 2256 1231 2332 peccato·

74 2367 144 2411 rum
166 2349 289 2410 animae
308 2349 341 2410 in
359 2347 479 2411 inferno
500 2347 558 2411 sub
579 2349 689 2410 timore
708 2349 828 2431 positae
849 2354 1015 2433 expectant
1033 2354 1231 2417 resurrectio·

72 2468 147 2515 nem
162 2451 211 2513 sui
226 2449 375 2533 corporis,
391 2455 425 2513 ut
440 2470 510 2512 curn
525 2447 611 2534 ³ipso
628 2448 667 2512 ad
682 2470 814 2534 poenam
829 2450 1050 2515 ⁴detrudantur
1064 2459 1230 2519 aeternam.

135 2552 334 2616 Paenitentia
348 2551 464 2615 aboleri
482 2558 611 2637 peccata
625 2552 838 2616 indubitanter
854 2552 1019 2635 credimus,
1042 2557 1177 2620 etiamsi
1199 2559 1232 2620 in
1249 2576 1300 2646 cap.
1313 2578 1398 2618 xrvn.

71 2655 183 2720 ultimo
199 2656 281 2718 vitae
296 2655 408 2738 spiritu
424 2654 631 2718 admissorum
647 2657 815 2739 paeniteat,
831 2662 861 2718 et
875 2655 1000 2740 publica
1011 2656 1231 2722 lamentatione
1249 2629 1309 2680 (ω’
1322 2629 1414 2680 Lm)

71 2763 202 2843 peccata
223 2757 408 2841 prodantur3
433 2759 506 2839 quia
531 2759 725 2841 propositum
753 2757 834 2838 'dei,
862 2778 921 2841 quo
948 2758 1086 2823 decrevit
1112 2761 1231 2825 salvare

73 2860 157 2944 quod
171 2859 323 2944 perierat,
346 2864 409 2922 stet
427 2859 603 2924 immobile:
624 2866 656 2922 et
670 2860 739 2924 ideo
756 2861 828 2943 quia
842 2859 985 2924 voluntas
1001 2864 1068 2926 eius
1083 2883 1146 2928 non
1161 2885 1231 2928 mu·

70 2968 167 3044 tatur,
182 2962 248 3026 sive
264 2961 480 3026 emendatione
495 2964 588 3043 tritae,
608 2965 635 3024 si
650 2968 772 3047 tempus
788 2961 978 3044 conceditur,
999 2964 1064 3026 sive
1079 2962 1231 3051 ²supplici

72 3065 279 3146 confessione,
299 3067 325 3128 si
341 3066 488 3127 continuo
503 3067 569 3127 vita
584 3065 754 3144 exceditur,
776 3066 868 3129 venia
886 3072 1085 3150 peccatorum
1098 3068 1232 3133 fideliter

70 3177 289 3254 praesumatur
304 3166 342 3229 ab
358 3165 428 3246 illo,
449 3169 575 3250 quinon
591 3166 659 3229 vult
672 3173 804 3230 mortem
818 3170 1003 3252 peccatoris,
1025 3169 1081 3233 sed
1099 3177 1135 3234 ut
1156 3193 1229 3236 con·

71 3276 244 3350 vertatura
262 3269 436 3355 perditione
451 3267 655 3353 paenitendo,
670 3276 702 3332 et
722 3268 859 3334 salvatus
873 3271 1072 3336 miseratione
1094 3272 1231 3339 ³dcmini

70 3375 165 3438 vivat.
203 3371 238 3436 Si
253 3374 322 3455 quis
338 3372 427 3435 aliter
442 3371 480 3435 de
496 3371 670 3437 iustissima
684 3372 733 3436 dei
748 3374 864 3456 pietate
879 3376 985 3457 sentit,
1000 3396 1064 3440 non
1080 3376 1229 3441 Christia-

70 3496 133 3541 nus
147 3474 206 3542 sed
216 3474 408 3561 Novatianus
424 3483 480 3538 est.

135 3578 277 3643 Interuas
292 3579 414 3642 animae
431 3579 633 3661 cogitationes
648 3576 806 3643 diabolum
820 3600 884 3645 non
898 3578 1003 3645 videre
1019 3583 1095 3645 certi
1110 3601 1228 3665 sumus,
1246 3600 1415 3705 diliguni)

140 3713 201 3783 Cap.
214 3712 306 3766 XLlll.
318 3743 350 3752 —
370 3714 392 3766 1.
404 3713 567 3767 Timctbeani
579 3719 605 3766 et
615 3712 741 3766 Prisciani
753 3717 807 3767 cod.
823 3715 933 3768 Floreat.
981 3714 1004 3765 2.
1022 3713 1094 3767 MSS.
1107 3714 1128 3767 0
1147 3714 1228 3768 hinia·

70 3798 121 3836 nus
139 3781 290 3851 (benedict.)
341 3781 366 3835 3.
378 3781 422 3834 Sic
434 3783 506 3835 MSS.
530 3784 568 3834 At
584 3784 646 3836 editi
660 3782 796 3835 Florianus
809 3781 928 3852 (Bened.)
944 3781 1080 3834 Florianus
1097 3732 1173 3836 ledet
1183 3785 1228 3837 El-

68 3851 150 3903 mlo.
165 3868 258 3920 quoque
275 3853 358 3902 editio.
410 3851 434 3902 4.
452 3851 533 3904 animi
550 3854 605 3903 cod.
622 3850 736 3906 Floreat.
793 3850 817 3905 5.
838 3850 1018 3902 immutatione
1036 3851 1094 3903 edit.
1112 3851 1227 3907 Elmeot.

71 3919 96 3973 6.
108 3920 215 3989 Aliquot
224 3918 297 3971 MSS.
310 3919 478 3972 excusatione
490 3919 646 3974 commercii.
673 3920 783 3981 Quidam
795 3919 961 3972 exsecutione
974 3920 1127 3972 commercii.
1141 3919 1215 3990 (Bon.
1220 3933 1228 3992 J

70 3987 136 4041 uin
164 4004 199 4041 ιιι,
228 3987 322 4040 arferat
333 3990 392 4041 edit.
404 3987 521 4042 Elmenls.
717 3990 719 3994 “

139 4004 201 4110 (la.
261 4055 303 4110 IV.
316 4086 349 4094 —
363 4056 384 4107 1.
397 4072 487 4108 carens
499 4061 587 4110 tamen
598 4056 809 4110 sexuuminhae
821 4056 875 4107 rita
885 4054 1032 4108 conditione
1044 4059 1104 4111 edit.
1115 4057 1221 4111 Elment
1307 4073 1311 4084 ·

139 4123 201 4194 Gap.
213 4123 292 4192 XLV.
305 4156 338 4164 —
357 4125 379 4177 l.
391 4125 540 4193 passionem
553 4131 579 4177 et
595 4124 806 4179 resurrectionem
824 4123 921 4177 domini
939 4127 993 4177 eod.
1009 4124 1122 4181 Floreat.
1135 4136 1161 4179 et
1170 4129 1228 4180 edit.

71 4192 184 4246 armat.
236 4192 259 4245 2.
271 4209 288 4244 a
299 4192 385 4246 servili
399 4194 457 4246 edit.
469 4192 584 4247 Elment.

140 4261 201 4331 Cap.
213 4260 304 4317 XLVI.
316 4293 349 4301 -
370 4261 391 4314 l.
409 4263 495 4329 Aaqet
507 4261 562 4316 MS.
580 4263 692 4316 liorem.
703 4260 809 4326 radunt,
825 4261 891 4314 sieut
903 4261 1028 4331 seriptum
1040 4268 1087 4328 est,
1098 4262 1228 4317 Iustorum

71 4331 173 4384 animae
189 4331 217 4382 in
232 4347 312 4383 manu
328 4330 369 4382 dei
385 4335 453 4382 sunt
493 4329 619 4399 Emonia)
671 4331 694 4383 2.
713 4330 824 4390 Quidam
837 4329 912 4382 MSS.
925 4330 1072 4400 perfectam.
1107 4332 1227 4402 (Benedl

71 4397 96 4451 3.
106 4399 165 4469 ipso
176 4398 279 4451 diabolo
297 4400 378 4451 edidit
392 4398 481 4451 Elmec
501 4437 507 4451 .
525 4417 556 4451 ea
567 4403 621 4452 cod.
635 4400 746 4452 Floreat.
798 4397 823 4450 4.
839 4405 1022 4453 convertantur
1033 4399 1105 4454 MSS.
1119 4401 1227 4455 Benedi-

72 4471 196 4519 ctinoram
207 4477 232 4518 et
243 4468 298 4520 cod.
311 4467 422 4520 Floreat.

140 4535 202 4605 Gap.
212 4535 316 4591 XLVII.
327 4566 361 4576 ·-
385 4537 406 4588 1.
423 4535 485 4590 Luc.
499 4534 572 4600 XIX,
585 4535 608 4588 7.
660 4536 685 4591 2.
704 4536 810 4604 Aliquot
819 4535 891 4588 MSS.
905 4535 1124 4590 Benedictinoram
1137 4548 1162 4591 et
1173 4543 1227 4594 cod.

71 4603 185 4659 Floreat.
196 4605 301 4674 publiea
313 4605 483 4659 confessione.
536 4604 560 4657 3.
572 4603 664 4660 Erech.
677 4603 753 4669 XIX,
764 4604 805 4660 23.
818 4604 943 4671 mn,
959 4605 996 4659 ll.

994 4693 1026 4744 23
