3046 5124
246 355 287 422 22
694 288 700 297 .
752 349 903 396 Prinassum

246 508 315 597 puli
329 530 423 595 supra
437 509 569 593 lignum,
588 514 620 574 et
639 511 692 594 qui
710 509 914 574 intuebantur
931 509 965 573 in
984 526 1070 590 eum,
1089 505 1293 573 salvabantur
1307 528 1329 573 a
1341 508 1423 594 pln-

247 617 295 696 gis
309 593 401 696 atque
417 612 547 677 diversis
560 612 753 677 vulneribus.
775 610 826 675 Illi
841 631 912 694 ergo
929 612 1069 695 serpenti
1082 631 1172 675 aereo
1187 631 1287 694 usque
1304 611 1349 676 ad
1364 632 1422 676 re-

246 736 317 799 gem
330 715 494 780 Ezechiam
509 715 706 780 sacrificabat
718 714 903 778 Iudaeorum
917 713 1065 798 populus,
1079 714 1299 778 formationes⁰
1315 716 1423 782 etiam

246 821 280 882 in
294 818 396 903 lapide
410 839 521 901 magno
543 817 628 884 velut
645 816 796 899 obelisco,
815 819 868 900 qui
887 821 953 880 erat
966 819 1001 879 in
1014 816 1131 902 templo
1146 818 1268 900 positus
1282 837 1341 901 pro
1360 841 1422 884 co·

246 921 366 1003 lumna,
385 928 417 984 et
434 924 469 985 in
487 942 523 984 eo
541 923 711 984 incisiones
732 925 763 984 et
780 922 1003 1005 impressiones
1021 940 1118 983 manu
1131 918 1309 1002 hominum,
1323 926 1365 984 ut
1387 906 1424 987 et

245 1022 418 1088 lItterarum
432 1022 645 1107 ⁴quarundam
659 1021 836 1107 sculpentes
851 1022 959 1087 Iudaei
977 1026 1009 1085 et
1027 1021 1175 1086 formulas
1192 1021 1334 1086 diversas
1350 1023 1422 1089 tol·

246 1126 365 1190 lentesd
389 1133 420 1190 et
440 1131 594 1210 ponentes
614 1128 648 1190 in
670 1124 787 1189 lamina
809 1124 992 1189 baiulabant
1009 1127 1043 1189 in
1062 1123 1155 1190 collo„⁸
1177 1126 1423 1192 incantationes

245 1231 342 1294 etiam
356 1229 503 1294 docentes
525 1234 556 1291 et
569 1227 655 1292 velut
670 1227 862 1313 phylacteria
875 1228 1042 1309 habentes,
1060 1229 1122 1292 imo
1137 1230 1242 1312 potius
1258 1247 1422 1294 exercen-

245 1337 293 1396 tes
310 1331 478 1411 malefioia‚
500 1329 610 1394 eadem
627 1330 843 1416 percolebant,
866 1336 958 1414 atque
981 1329 1054 1394 inde
1073 1330 1253 1413 alligaturas
1274 1336 1306 1395 et
1324 1335 1422 1398 tuta-

244 1436 332 1498 mina
346 1453 402 1497 suo
417 1432 584 1516 portabant
598 1440 629 1497 et
647 1439 773 1518 portant
786 1435 820 1497 In
834 1439 973 1518 pectore,
989 1453 1068 1516 quae
1084 1432 1228 1497 domiuus
1243 1432 1366 1518 ubique
1383 1439 1425 1505 in

245 1535 330 1618 lege⁰
344 1541 485 1599 vetuerat
496 1535 576 1616 lieri,
588 1538 661 1619 quia
671 1540 810 1620 paganae
823 1537 983 1600 caecitatis
998 1535 1075 1599 haec
1087 1543 1154 1599 erat
1164 1538 1322 1621 impietus.
1346 1539 1424 1606 Has

244 1640 339 1721 igitur
352 1637 552 1701 beatissimus
564 1637 711 1703 Ezechias
723 1658 778 1701 rex
791 1640 1013 1723 impressiones
1026 1640 1091 1704 sive
1103 1638 1295 1723 sculptiones
1313 1640 1424 1708 deleri

245 1741 352 1820 iussit,
372 1744 463 1822 atque
479 1741 559 1805 forro
574 1740 641 1804 radi
656 1743 782 1826 penitus
801 1746 894 1824 atque
913 1739 1069 1819 exscindi3
1090 1761 1216 1813 aereum
1230 1744 1330 1807 etiam
1345 1765 1423 1809 ser·

244 1848 372 1927 pentem
384 1841 498 1926 deponi
508 1849 600 1925 atque
616 1842 731 1926 frangif
750 1846 922 1928 praecepit,
937 1864 992 1927 pro
1009 1864 1068 1927 quo
1083 1845 1213 1909 merito⁸
1229 1849 1278 1908 est
1290 1844 1422 1912 libera-

245 1950 295 2008 tus
317 1967 337 2007 a
358 1944 482 2010 domino
506 1945 544 2009 do
568 1946 729 2011 obsidione
750 1952 840 2010 tanta
853 1946 1019 2011 Persarum
1034 1952 1065 2010 et
1083 1946 1316 2031 Assyrnrumh,
1336 1955 1423 2018 tunc

245 2049 394 2131 temporis
410 2050 463 2131 qui
482 2054 633 2113 venerant
652 2051 808 2134 captiuare
822 2048 1008 2114 Iudaeorum
1022 2049 1171 2134 populum
1186 2055 1279 2134 atque
1295 2052 1422 2119 civita-

245 2157 322 2231 tem,
337 2157 373 2214 ut
386 2150 440 2215 illa
453 2159 559 2234 noete,
575 2173 635 2236 qua
649 2153 781 2220 timebat
795 2153 943 2218 barbaros
959 2173 1014 2217 rex
1027 2152 1192 2236 Ezechias,
1207 2153 1339 2237 angelus
1356 2156 1423 2224 do-

311 2372 335 2426 4.
348 2372 507 2444 quarundam
520 2372 552 2425 B.

287 2579 307 2614 c.
326 2562 494 2616 formationes
512 2561 591 2614 etiam
609 2563 670 2628 ete]
687 2561 735 2614 Per
747 2562 799 2614 for·

243 2632 370 2685 mationes
383 2647 448 2701 quas
460 2629 586 2682 Philaster
598 2637 687 2694 vocat,
699 2637 725 2682 et
737 2632 799 2683 inci·

243 2701 329 2752 aiones
343 2700 581 2769 impressionosque
599 2699 723 2767 intelligit
741 2698 799 2751 cha·

242 2774 353 2822 ractores
383 2773 410 2820 et
434 2767 533 2835 figuras
559 2766 732 2819 telesmaticas
758 2784 799 2818 co-

242 2839 347 2889 lumnae
375 2837 414 2888 illi
441 2836 595 2905 insculptas,
642 2835 718 2887 uibus
746 2836 800 2888 rim

243 2904 629 2958 averruncatoriamtribuerunt
653 2904 800 2957 ominessu-

242 2974 390 3044 perstitiosi,
400 2973 439 3024 uti
449 2973 563 3041 serpenti
569 2988 644 3024 aereo
649 2971 753 3025 Parisiis
759 2989 798 3025 re-

850 2564 900 2615 hoc
911 2568 952 2615 est
968 2561 1122 2626 comminui,
1140 2567 1169 2614 ut
1181 2577 1197 2614 a
1207 2562 1300 2631 Moyse
1313 2564 1422 2622 vitulus

850 2632 926 2683 Dent.
943 2631 990 2684 XI.
1003 2631 1044 2682 21.
1068 2630 1179 2683 Videant
1195 2631 1276 2699 igitur
1294 2634 1343 2712 qui
1361 2652 1422 2689 ser-

850 2705 956 2768 pentem
972 2699 1047 2751 illum
1059 2698 1142 2751 adhuc
1154 2704 1288 2752 ostentant
1298 2716 1328 2753 ιιι
1341 2703 1421 2757 colu·

850 2783 913 2820 mna
929 2768 1061 2836 integrum
1071 2767 1213 2820 Mediolani
1228 2768 1256 2820 in
1270 2773 1326 2821 tem
1346 2771 1374 2824 lo
1388 2773 1422 2827 S.

851 2836 993 2900 Ambrosii,
1024 2852 1084 2888 uam
1096 2836 1224 2905 singulari
1236 2836 1302 2889 libro
1335 2842 1422 2895 escri-

850 2905 904 2974 psit
913 2904 1004 2956 Petrus
1036 2904 1111 2956 aulus
1123 2903 1208 2956 Bosca
1219 2903 1288 2956 Bibl.
1298 2904 1421 2963 Ambro-

851 2974 940 3025 sianaa
956 2972 1109 3052 praefectus.
1133 2971 1206 3025 Gonf.
1223 2971 1285 3026 Geo.
1303 2973 1422 3033 Hieron.

261 3040 798 3111 ertodequoGregoriusTuronensisVIII.

242 3060 283 3163 {a
309 3109 368 3163 Non
382 3109 519 3162 defuerunt
535 3110 615 3162 etiam
632 3111 677 3179 qui
694 3126 798 3178 serpen-

242 3185 296 3231 tem
304 3180 391 3248 ipsum
403 3179 518 3245 aMoyse
531 3184 644 3235 erectum
652 3177 799 3230 habuerunt

242 3264 289 3317 pro
298 3247 436 3300 ,telesmate
448 3247 587 3311 eiusmodi,
606 3262 684 3315 quam
696 3253 798 3299 senten·

242 3315 307 3369 tiam
324 3314 443 3368 confutat
458 3313 558 3367 Natalis
570 3313 645 3366 Alex.
657 3315 685 3366 in
696 3315 798 3367 selectis

243 3384 371 3504 capittiibus
380 3382 798 3503 tiltssthEctlc'lestelqrisOTqm'·

243 3469 303 3505 meu
349 3467 379 3503 ae
419 3468 433 3503 e
481 3490 487 3502 .
517 3468 560 3503 iss.
591 3467 673 3504 .e1n
707 3468 798 3505 unosi·

243 3491 340 3641 ὶῖξιὶιόιιὲ
352 3519 477 3572 Inauditis
488 3517 641 3581 Geffarellus
653 3535 675 3572 o.
687 3519 730 3573 VI.
741 3522 764 3586 ξ.
774 3520 798 3572 7.

243 3594 257 3654 (
282 3610 298 3642 a
330 3593 350 3652 ·)

285 3657 309 3710 d.
326 3655 453 3710 formulas
465 3656 721 3722 diversastollentes]
735 3656 799 3709 Sen-

243 3742 287 3780 sus
301 3732 353 3791 eet,
371 3725 452 3777 fuisse
470 3724 515 3793 qui
532 3741 566 3777 ex
582 3725 634 3778 illis
647 3722 799 3777 characteri·

242 3797 291 3849 bns
321 3794 432 3848 uosdam
449 3793 623 3846 describerent
637 3793 665 3845 in
679 3793 799 3859 laminas,

243 3865 435 3934 descr1ptosque
453 3867 588 3931 gestarent
603 3862 685 3913 instar
702 3863 799 3914 amule-

242 3939 336 4005 tornm,
349 3947 416 4002 quae
424 3949 489 3984 mox
495 3929 669 4000 phylacteria,
682 3938 708 3982 et
718 3930 800 3983 latino

243 4002 381 4066 uocabulo,
400 3999 469 4069 quod
487 3999 557 4052 idem
572 3997 715 4067 significat,
733 4008 800 4050 nota-

243 4074 313 4121 mina
325 4070 450 4138 appellat,
469 4073 495 4120 et
513 4069 670 4134 atlipaacrao
686 4067 740 4119 sire
758 4085 800 4118 πε-

246 4135 382 4208 ριάμματα,
396 4137 426 4190 de
440 4138 534 4206 quibus
547 4136 651 4205 copiose
662 4135 716 4188 Ioh.
729 4135 800 4188 Chri-

245 4206 344 4258 stianus
359 4205 529 4258 Frommanus
547 4206 613 4258 libro
631 4204 662 4258 de
679 4203 800 4258 Fascioa-

245 4275 327 4337 tione‚
340 4278 366 4325 et
377 4273 484 4327 Iacobus
492 4273 603 4328 Wolfius
615 4274 643 4326 in
652 4272 800 4326 Scrutatore

244 4342 431 4397 Amuletorum.
461 4342 517 4407 (F.)

279 4428 301 4463 e.
319 4411 347 4463 in
358 4410 428 4478 lege]
445 4410 525 4463 Lavit.
537 4410 634 4465 XXVI.
651 4412 673 4463 1.
686 4416 712 4464 et
723 4410 798 4464 Deut.

244 4478 314 4534 XVI.
325 4477 365 4531 22.
378 4494 445 4548 quae
457 4480 554 4531 suntin
583 4480 708 4550 raeceptis
720 4496 799 4550 nega·

246 4546 507 4602 tirisXIILetXIV.
536 4497 592 4613 (ἦ)

288 4616 307 4672 f.
323 4616 426 4687 frangi]
451 4619 522 4676 nn:
539 4616 564 4670 4.
581 4617 646 4687 Reg.
662 4616 756 4684 XVIII.
773 4618 798 4670 4.

850 3040 1009 3094 Welsehrum
1021 3043 1052 3094 de
1060 3042 1134 3094 Vena
1142 3041 1289 3094 Medinensi
1299 3058 1365 3114 pag.
1373 3046 1421 3102 67.

850 3108 1423 3239 ttttlbtttbuttlbtttbtt

849 3197 881 3299 de
893 3248 966 3300 More
978 3247 1134 3300 Indaeorum
1141 3245 1420 3306 GermanicaHebrai·

851 3317 887 3368 cis
897 3315 1026 3368 scribendi
1036 3316 1142 3380 litteris,
1154 3315 1200 3368 ubi
1211 3313 1329 3386 effigiem
1341 3318 1422 3376 illius

850 3385 977 3454 serpentis
990 3382 1103 3437 exhibet.
1134 3383 1192 3448 (F.)

888 3469 914 3522 g.
932 3469 978 3522 pro
997 3469 1048 3523 quo
1065 3453 1169 3519 merito]
1187 3452 1294 3506 Veteres
1310 3458 1422 3522 passim

849 3525 963 3573 meritam
979 3526 1081 3591 ponunt
1097 3539 1143 3591 pro
1155 3521 1250 3574 virtute
1268 3525 1420 3583 erectione

849 3591 932 3655 bona,
954 3606 1021 3659 quae
1044 3590 1092 3642 deo
1113 3590 1200 3659 placet
1215 3594 1242 3642 et
1262 3605 1345 3659 quam
1369 3594 1421 3652 ille

849 3659 971 3728 praemiis
984 3658 1113 3727 dignatur.
1136 3658 1207 3710 Loca
1223 3659 1331 3740 collegit
1343 3661 1420 3717 Tho-

849 3733 907 3779 mas
915 3728 1052 3779 Mortouus
1063 3727 1091 3778 in
1102 3726 1234 3779 Antidoto,
1247 3726 1350 3782 Diortur
1362 3733 1418 3788 sci-

850 3796 911 3847 licet
927 3796 1049 3847 meritum
1071 3795 1141 3864 quod
1157 3795 1270 3865 gratiam
1284 3806 1420 3868 mersbur,
1469 3793 1473 3799 '

850 3864 867 3915 i.
880 3881 901 3916 e.
915 3879 992 3916 conse
1012 3864 1093 3928 uitur,
1110 3863 1160 3916 hoc
1174 3865 1245 3917 enirn
1257 3870 1297 3917 est
1307 3871 1408 3932 mereri

850 3932 919 3985 utin
929 3933 973 3984 illo
987 3881 1086 3984 Zosimi
1097 3931 1134 3984 Pa
1153 3949 1194 3984 ae:
1216 3932 1237 3984 0
1261 3934 1311 3983 elix
1323 3911 1420 4006 natyra:

851 4019 914 4121 {aas
933 4003 1007 4052 talem
1025 4005 1117 4052 inaruit
1129 3949 1224 4052 dobere
1255 4002 1421 4060 aleatorem!

872 4069 935 4120 tiam
947 4085 994 4137 pro
1012 4069 1088 4138 culpa
1098 4069 1220 4121 meritum
1253 4068 1297 4121 oni
1308 4076 1420 4129 noant

850 4137 966 4189 Andreas
984 4137 1106 4190 Schottus
1122 4136 1154 4189 11.
1175 4137 1214 4190 16.
1233 4085 1417 4197 {basianu-

851 4221 995 4257 mauarum.
1013 4205 1161 4258 Desiderius
1172 4204 1300 4259 Heraldus
1317 4208 1352 4262 ad
1364 4213 1417 4266 As.

851 4275 911 4326 nob.
923 4273 967 4325 lib.
982 4274 1004 4325 l.
1019 4290 1078 4343 pag.
1091 4274 1133 4328 50.
1163 4279 1177 4338 (
1198 4279 1219 4339 ).

884 4341 909 4394 Ιι.
927 4341 1063 4395 Persarum
1075 4349 1102 4396 et
1112 4343 1289 4412 Assyriorum]
1308 4344 1417 4404 Senna-

851 4410 969 4463 cheribus
1065 4411 1246 4482 Hierosolyma
1273 4413 1417 4474 incassum

852 4479 952 4538 obsedit
962 4479 987 4531 4.
998 4428 1224 4551 lldgnvfflaeq.
1242 4482 1417 4549 Assyriorum

851 4557 876 4599 et
886 4549 1001 4600 Arabum
1017 4568 1064 4601 rea
1081 4549 1173 4604 dicitur
1183 4549 1315 4606 Herodoto
1326 4552 1377 4610 lib.
1388 4557 1415 4612 2.

850 4633 906 4687 cap.
920 4617 976 4671 141.
1005 4617 1063 4682 (F.)
