3046 5124
260 355 323 421 400

312 506 373 577 Gap.
385 507 556 562 LXXXVIII.
570 539 603 549 -
624 507 768 578 Imaginem
779 509 807 562 in
819 509 983 576 aeternitate]
1009 508 1146 562 Caesarius
1155 509 1299 563 Arelatem.
1311 509 1425 579 episcop.

260 575 348 629 homil.
360 575 419 629 IIII.
448 576 482 627 In
499 581 586 628 anima
603 586 627 627 et
642 587 720 630 metite
730 580 767 629 ad
778 581 911 641 imaqiaem
925 580 1049 698 deigaete'
1059 595 1154 641 samaa,
1172 580 1307 630 secundam
1320 596 1426 630 caraem

261 663 319 697 vero
332 647 362 696 de
374 646 431 696 temo
445 655 529 696 terrae
534 650 647 712 formati
657 664 748 697 aumas.
770 643 913 698 EucherIus
925 646 951 698 in
990 646 1082 715 enesin'
1091 647 1135 699 tib.
1148 646 1167 699 I.
1180 662 1237 716 cap.
1250 645 1318 700 VIII.
1341 646 1375 697 In
1386 651 1424 697 ia·

262 718 352 765 tert'ore
364 712 461 763 inmitte
473 724 510 764 eat
518 716 656 765 evirditorr'a
667 719 707 765 aui
715 722 807 781 emaqu,
819 718 903 780 ineaqo
912 719 939 766 in
948 718 1106 776 aeternitate,
1118 717 1294 767 similitudem
1307 715 1424 767 rosoribus.

260 778 424 833 Bernhardus
441 797 517 835 serm.
534 781 553 833 I.
570 781 600 833 de
613 783 761 834 annunciat„
773 781 803 834 B.
816 783 913 834 Mariae
930 781 974 835 fei
990 781 1045 835 125.
1073 782 1211 835 Durandns
1224 789 1336 837 sentent
1349 784 1392 834 tib.
1404 783 1424 834 1.

261 848 372 901 distinet„
386 849 410 902 3.
424 851 568 918 quaestion.
580 850 599 902 I.
635 849 794 903 Claudianus
811 851 932 903 Mamerti
948 851 1034 920 episto
1056 892 1061 905 .
1075 850 1106 903 de
1123 857 1194 903 statu
1206 852 1311 903 animae
1323 851 1367 903 lib.
1379 850 1423 904 III

259 916 303 970 Iol.
316 915 374 969 726.
403 917 557 972 Damascen.
575 917 606 970 de
622 917 673 971 fide
691 917 825 972 orthodex.
837 919 881 971 lib.
893 918 924 971 II.
940 934 996 989 eap.
1008 868 1068 972 XII.
1096 916 1251 974 Theoderet.
1268 920 1297 973 in
1310 917 1424 973 Genesin

259 992 360 1106 Xuaest.
376 985 438 1039 XX.
464 985 588 1039 Athenas.
601 986 632 1038 de
644 988 777 1041 communi
789 995 884 1040 essent.
896 987 985 1108 Imis'
997 987 1045 1039 filii
1057 993 1082 1040 et
1093 987 1199 1108 affinitas
1211 988 1297 1041 saneti
1308 986 1353 1041 fot.
1365 985 1423 1040 393.

279 1055 397 1135 egeam.
410 1055 441 1106 de
459 1053 553 1108 Genes.
567 1062 657 1107 contra
668 1054 834 1136 Manichaeos
846 1056 890 1136 lit3.
915 1095 922 1108 .
934 1070 989 1124 cap.
1001 1054 1087 1137 XVII.
1133 1062 1224 1109 anetus
1242 1055 1273 1108 de
1290 1055 1371 1109 libero
1383 1070 1422 1108 ar·

258 1120 336 1176 brtrro
349 1124 391 1176 hb.
403 1121 434 1175 11.
452 1138 508 1193 cap.
520 1122 574 1178 VII.
602 1124 754 1178 Ambrosius
766 1124 797 1177 de
809 1123 936 1194 dignitate
948 1123 1102 1178 cendrtrems
1113 1122 1243 1178 humanae
1254 1139 1311 1194 cap.
1322 1122 1355 1178 IL
