3046 5124
273 357 335 423 206
774 352 926 394 cucusum

118 521 168 574 0¹1»
182 523 256 563 XMV·
337 510 493 589 Pauliaui,
509 530 527 572 a
541 508 637 574 Paulo
654 508 872 589 Samosateuo,
888 507 1047 573 Christum
1062 529 1125 574 uou
1140 529 1264 594 semper
1274 510 1374 574 fuisse
1389 509 1433 573 di·

275 621 364 694 cunt,
385 613 441 676 sed
461 614 527 674 eius
548 614 672 685 initium
693 632 731 674 ex
748 632 807 694 quo
824 611 862 675 de
877 612 975 676 Maria
989 619 1082 675 natus
1097 617 1145 675 est
1160 617 1360 694 asseverant,
1380 634 1436 677 uec

276 714 614 799 eumaliquidamplius
624 734 717 797 quam
728 714 887 778 homiuem
898 719 1020 798 putant.
1042 715 1108 778 Ista
1116 713 1255 779 haeresis
1268 715 1435 800 aliquando

275 818 437 882 cuiusdam
459 817 655 880 ¹Artemonis
678 815 830 896 fuit,=sed
853 836 925 880 cum
947 815 1127 897 defecisset,
1149 819 1327 882 instaurata
1350 824 1437 883 esta

273 921 379 1002 Paulo,
395 925 427 983 et
440 924 549 1005 postea
563 921 609 983 sic
624 917 786 982 aPhotiuo
803 919 995 999 confirmata,
1010 924 1046 981 ut
1056 917 1236 985 Photiuiaui
1248 940 1345 1003 quam
1355 920 1435 984 Pau·

273 1023 350 1086 liani
366 1022 519 1086 celebrius
534 1026 762 1104 nuncupentur.
785 1021 866 1084 Istos
883 1041 957 1084 sane
969 1021 1136 1085 Paulianos
1148 1022 1357 1107 baptizandos
1368 1043 1436 1087 esse

272 1128 306 1190 in
322 1124 455 1189 eeclesia
470 1123 624 1187 catholica
637 1122 774 1186 Nicaeno
791 1122 921 1188 concilio
938 1125 1144 1188 constitutum
1165 1131 1222 1188 ost
1259 1123 1354 1190 Unde
1369 1146 1435 1189 cre·

273 1228 411 1292 deudum
425 1232 474 1289 est
489 1247 541 1290 eos
553 1224 692 1308 regulam
704 1226 902 1309 baptismatis
913 1246 977 1289 non
988 1231 1105 1305 tenere,
1122 1246 1216 1309 quam
1226 1247 1337 1291 secum
1346 1227 1436 1292 multi

271 1332 421 1396 haeretici
444 1350 516 1392 eum
539 1327 576 1392 de
600 1326 753 1392 catholica
774 1327 972 1392 discederent
993 1327 1205 1410 abstulerunt,
1227 1349 1363 1417 eamque
1382 1351 1435 1396 cu·

272 1434 419 1498 stodiuut.

127 1544 178 1596 Car·
191 1545 254 1585 ΧΗ·
336 1535 489 1599 Photinus
517 1532 555 1596 ab
577 1532 751 1617 Epiphanio
774 1553 837 1597 non
861 1535 1007 1597 continuo
1030 1539 1101 1617 post
1121 1533 1254 1598 Paulum
1276 1536 1344 1599 sive
1366 1555 1437 1601 cum

272 1638 380 1718 Paulo,
395 1636 450 1700 sed
465 1635 534 1698 aliis
550 1638 742 1719 interpositis
757 1637 893 1719 ponitur.
923 1635 994 1699 Nou
1009 1640 1130 1699 tacetur
1145 1657 1220 1700 sane
1235 1637 1355 1702 similia
1369 1660 1435 1703 cre·

274 1740 407 1820 didisse,
428 1737 602 1802 seeundum
622 1737 739 1823 aliquid
759 1744 865 1800 tamen
886 1736 1069 1801 adversatus
1091 1740 1120 1801 ei
1136 1737 1266 1821 dicitur,
1288 1740 1347 1805 sed
1362 1740 1436 1825 quid

273 1845 315 1908 sit
333 1845 437 1927 ipsum
458 1840 575 1923 aliquid
596 1842 722 1904 omuino
738 1860 802 1904 nou
817 1839 939 1904 dicitur.
976 1839 1133 1905 Philaster
1148 1846 1254 1906 autem
1270 1845 1435 1907 contiuua·

272 1948 330 2008 tim
344 1946 434 2029 ponit
447 1943 556 2007 ambos
578 1942 635 2006 sub
656 1942 787 2024 singulis
803 1948 836 2005 et
849 1944 984 2026 propriis
998 1944 1154 2025 numeris,
1176 1946 1265 2026 quasi
1285 1944 1434 2010 haereses

273 2047 366 2129 duas,
387 2067 458 2110 cum
479 2045 562 2110 dicat
580 2044 750 2110 Photinum
770 2046 804 2109 in
823 2044 968 2109 omuibus
988 2043 1078 2109 Pauli
1099 2052 1241 2110 secutum
1260 2048 1362 2114 fuisse
1381 2047 1435 2113 do·

271 2150 413 2216 ctrinam.

117 2262 166 2313 cu·
180 2262 254 2303 XLVI·
334 2251 509 2317 Manichaei
531 2273 550 2314 a
574 2250 708 2335 quodam
733 2250 830 2314 Persa
852 2252 1024 2313 extiterunt
1045 2252 1100 2334 qui
1120 2251 1291 2317 vocabatur
1311 2251 1434 2330 Manes3

272 2357 413 2440 quamvis
430 2361 461 2418 et
475 2355 593 2440 ipsum,
615 2374 686 2418 cum
702 2355 768 2417 eius
783 2354 895 2417 insana
910 2352 1051 2417 doctrina
1066 2353 1240 2438 lcoepisset
1254 2357 1289 2419 iu
1305 2355 1436 2421 Graecia

270 2458 459 2543 praedicari,
478 2456 696 2521 Manichaeum
712 2455 857 2538 discipuli
868 2457 940 2519 eius
955 2455 1113 2541 appellare
1131 2456 1327 2540 maluerunt,
1348 2457 1434 2523 devi-

270 2566 374 2625 tantes
390 2580 503 2624 nomeu
520 2561 670 2622 insaniae.
707 2557 799 2622 Unde
822 2557 951 2642 quidam
971 2560 1061 2641 quasi
1081 2557 1235 2624 doctiores
1255 2567 1288 2624 et
1310 2581 1348 2627 eo
1367 2563 1434 2648 ipso

269 2663 485 2727 mendaciores
507 2664 663 2744 geminata
685 2660 789 2725 littora
809 2660 1031 2725 Manuioheum
1052 2667 1182 2744 vocant,
1203 2665 1296 2746 quasi
1317 2684 1435 2728 manua

270 2765 463 2829 fundentem.
500 2765 563 2828 lste
581 2763 641 2828 duo
657 2765 813 2848 principia
827 2764 909 2827 inter
924 2784 957 2827 se
974 2763 1099 2828 diversa
1113 2770 1206 2848 atque
1222 2763 1367 2849 adversa,
1383 2788 1433 2831 ea·

272 2867 403 2951 demque
424 2874 551 2932 aeterna
571 2872 603 2929 et
622 2872 800 2947 coaeterna,
821 2865 880 2931 hoo
901 2872 950 2929 est
970 2887 1094 2950 sempor
1113 2867 1227 2949 fuisse,
1248 2871 1434 2954 composuit,

271 2969 410 3052 duasque
426 2977 552 3033 naturas
568 2976 661 3051 atque
677 2968 885 3051 substautias,
906 2969 982 3034 boni
1001 2969 1122 3034 scilicet
1141 2976 1174 3032 et
1186 2969 1280 3052 mali,
1299 2992 1433 3056 sequens

271 3071 349 3135 alios
371 3075 516 3155 antiquos
538 3073 710 3137 haereticos
732 3074 875 3156 opinatus
896 3079 953 3135 est
992 3073 1129 3149 Quarum
1148 3073 1231 3136 inter
1245 3093 1281 3136 se
1296 3095 1432 3158 pugnam

271 3179 303 3236 et
318 3177 587 3256 commixtionem,
603 3180 635 3238 et
649 3175 723 3239 boni
738 3173 852 3238 amalo
867 3177 1099 3258 purgationem,
1122 3181 1154 3238 et
1168 3175 1244 3240 boui
1260 3176 1347 3258 quod
1360 3198 1432 3264 pur·

271 3278 336 3359 gari
352 3297 414 3340 uon
429 3280 558 3360 poterit,
580 3299 651 3341 cum
667 3277 749 3341 malo
765 3279 798 3340 in
814 3282 976 3340 aeternum
991 3276 1242 3360 damnationem,
1262 3280 1433 3345 seeundum

271 3399 328 3442 sua
343 3378 488 3461 dogmata
503 3385 720 3442 asseverantes
737 3379 836 3443 multa
850 3378 1047 3460 fabulantur,
1068 3400 1147 3463 quae
1163 3387 1279 3445 cuneta
1292 3384 1432 3449 intexere

270 3481 342 3545 huio
359 3483 444 3566 operi
460 3483 553 3543 nimis
569 3481 697 3564 longum
712 3487 768 3544 est.
804 3481 851 3546 Ex
872 3479 922 3544 his
942 3488 1048 3545 autem
1069 3484 1134 3546 suis
1149 3481 1264 3547 fabulis
1281 3487 1373 3550 vanis
1387 3492 1432 3551 at·

271 3605 330 3668 que
345 3586 449 3669 impiis
465 3583 733 3666 cogunturdicere
749 3586 870 3649 animas
885 3585 1001 3666 bonas,
1017 3605 1094 3668 quas
1111 3591 1243 3650 censent
1256 3585 1297 3651 ab
1313 3589 1433 3655 auima-

270 3708 339 3753 rum
352 3686 507 3752 malarum
521 3693 651 3751 naturae
667 3686 789 3750 scilieet
804 3689 978 3752 contrariae
1002 3689 1224 3753 commixtione
1243 3687 1434 3773 liberandas,

271 3927 325 3960 cum
337 3913 491 3961 anctoritate
502 3911 651 3960 removimus
662 3909 728 3976 qaod
742 3911 770 3958 ia
787 3910 886 3960 aeaeis
903 3906 945 3959 hic
963 3908 1120 3960 addebatur:
1143 3906 1214 3961 Dicit
1227 3916 1366 3980 praeterea
1380 3914 1433 3983 ipss

270 3977 404 4046 Origenes,
419 3976 488 4045 quod
500 3976 569 4029 filius
581 3976 622 4028 dei
631 3977 727 4029 sanctis
741 3975 891 4028 hominibus
900 3982 1065 4046 comparatus
1078 3977 1175 4030 raritas
1189 3978 1231 4043 sit,
1244 3980 1314 4059 patri
1325 3982 1433 4034 colurus

269 4046 444 4109 mendacium,
457 4052 484 4096 et
495 4050 622 4114 quantum
633 4045 730 4096 distant
741 4044 852 4114 apostoli
863 4044 974 4109 Christe,
991 4051 1093 4097 tautum
1104 4045 1174 4098 filius
1185 4050 1262 4116 patn.
1296 4046 1373 4103 Unde
1388 4064 1434 4103 uec

270 4114 381 4234 mullus
394 4121 435 4166 est
446 4114 515 4251 fil(ip3s
527 4130 588 4234 supr
600 4120 680 4184 patre,
694 4114 756 4183 quia
765 4130 820 4166 uon
831 4118 873 4166 est
881 4123 970 4167 auctor
982 4113 1201 4185 indulgendamm
1212 4115 1380 4185 petitionum,
1391 4116 1433 4173 sed

269 4199 336 4252 supp
348 4184 435 4235 'caton
510 4199 556 4235 ene
576 4190 595 4247 ,ι

336 4267 399 4338 Gap.
411 4267 502 4320 XLIV.
515 4298 547 4305 —
568 4268 588 4320 l.
605 4269 637 4319 Ia
650 4271 747 4320 excusis
758 4267 910 4320 Artemonii.
945 4268 984 4319 At
997 4271 1025 4320 in
1036 4267 1110 4322 MSS.
1122 4269 1280 4323 Artemonis.
1314 4268 1434 4340 (Belial-l

337 4353 399 4422 Cap.
411 4352 502 4406 XLVI.
515 4384 548 4391 —
574 4354 595 4407 l.
612 4353 656 4404 Sir
673 4357 770 4405 omnino
780 4357 872 4421 serant
887 4351 961 4406 MSS.
985 4355 1025 4406 Ar
1040 4356 1104 4407 editi
1113 4355 1243 4425 coepisset
1252 4371 1353 4410 nomen
1362 4373 1433 4427 prae·

269 4421 360 4474 dicari:
373 4437 435 4472 uam
447 4428 507 4474 autc
520 4421 567 4473 bac
580 4421 689 4474 Urbicus
702 4423 786 4489 (immo
798 4421 923 4474 (lubricus
937 4441 967 4473 ea
983 4423 1116 4503 Epaphras.
1129 4424 1202 4476 taes.
1214 4424 1272 4489 66.)
1284 4424 1433 4479 vocabatur.

269 4489 321 4542 Sed
333 4491 359 4542 iu
373 4489 482 4542 Graecia
493 4490 613 4559 discipuli
624 4490 680 4543 eius
691 4491 803 4543 vitantes
814 4506 911 4543 nomen
923 4491 1048 4556 insamae,
1061 4492 1137 4561 quasi
1153 4491 1282 4546 doctiores
1295 4498 1324 4546 et
1334 4510 1367 4547 eo
1378 4494 1387 4549 i

267 4558 445 4610 mendaciores
457 4559 590 4625 geminata
600 4558 631 4610 N.
643 4559 728 4610 littera
739 4556 948 4624 Manniohaoum‚
960 4560 1037 4640 quasi
1046 4574 1145 4613 manna
1155 4560 1310 4617 fundentem
1319 4578 1369 4633 pro

268 4625 385 4692 nichaeo,
396 4626 423 4680 id
434 4632 474 4680 est
484 4627 585 4692 insano,
595 4627 798 4697 appellaverunt
813 4627 867 4683 late
879 4627 930 4682 duo
941 4629 1069 4699 pnneipia
1080 4638 1138 4685 cert.
1164 4628 1284 4703 (ΒΜ.)
