3046 5124
251 381 313 443 230
746 377 912 420 PRAEFATIO.

252 532 409 600 succurri?
431 534 464 600 Si
480 535 563 599 enim
578 534 654 600 haee
669 554 728 600 nec
743 535 891 620 prodesse
906 534 1083 600 volentibus
1097 554 1157 600 nee
1172 534 1284 600 obesse
1300 533 1405 602 nolen-

250 639 335 703 tibus
350 640 503 722 incipiant
518 637 619 718 credi,
641 639 810 702 cessabunt
825 640 929 703 omnia
949 637 1000 701 dei
1021 636 1218 702 sacerdotum
1239 638 1360 718 studia,
1379 644 1407 700 et

252 744 396 806 universa
417 743 607 804 monitorum
627 740 816 810 adminicula
838 761 920 804 vana
939 740 1131 804 videbuntur
1153 760 1223 804 esse
1245 741 1406 822 figmenta:

251 851 343 928 atque
359 846 403 907 ita
416 845 629 927 unusquisque
645 846 710 906 suis
726 845 785 906 erit
800 843 883 907 vitiis
898 848 1084 928 occupatus,
1104 848 1139 906 ut
1154 844 1323 907 criminum
1337 863 1406 907 sue-

250 967 320 1011 rum
334 945 573 1011 delectationem
589 945 639 1009 dei
653 945 970 1031 praedestinationem
985 947 1158 1027 existimet,
1179 950 1212 1009 et
1232 944 1275 1010 ad
1294 945 1408 1011 bonurn

251 1048 365 1114 amalo
380 1051 563 1129 transitum,
582 1069 640 1112 noe
655 1069 711 1133 per
726 1048 917 1114 sacerdotem
933 1048 998 1129 dei,
1019 1069 1077 1113 nec
1097 1068 1153 1134 per
1173 1050 1408 1115 couversionem

251 1172 356 1232 suam,
372 1171 430 1215 uec
444 1171 500 1235 per
515 1149 614 1232 legem
630 1150 833 1232 dominicam,
848 1172 880 1215 se
896 1171 988 1235 posse
1004 1152 1144 1215 invenire
1160 1149 1307 1216 confidat
1331 1149 1407 1215 Sile·

251 1275 328 1335 rem,
343 1254 451 1333 fateor,
466 1259 498 1317 et
512 1273 711 1336 nequaquam
727 1253 797 1318 stilo
813 1259 1013 1339 percurrente
1029 1256 1091 1317 ista
1105 1252 1300 1339 detegerem,
1319 1255 1349 1318 si
1361 1259 1407 1318 to-

250 1360 332 1421 tiens
346 1362 382 1420 ut
396 1360 535 1419 tacerent
550 1355 700 1420 admoniti
715 1355 820 1419 saltim
834 1355 1031 1420 mediocriter
1042 1357 1253 1420 contentionis
1265 1375 1340 1420 suae
1352 1357 1407 1421 im·

250 1465 358 1544 petum
372 1465 609 1541 temperassent,
625 1479 688 1522 nou
703 1461 798 1522 etiam
812 1457 960 1522 audacter
975 1457 1032 1522 sub
1047 1458 1214 1541 Augustini
1229 1460 1358 1525 nomine
1372 1457 1407 1522 li·

252 1562 323 1626 bres
340 1560 484 1641 ederent,
506 1567 538 1624 et
552 1563 735 1644 scriptorum
757 1581 883 1626 suorum
903 1560 1013 1625 iaculis
1035 1560 1176 1625 membra
1190 1559 1407 1626 immaculatae

250 1666 360 1728 matris
382 1669 506 1726 nostrae
530 1662 679 1727 ecclesiae
701 1661 911 1727 vulnerarent.
956 1663 1029 1740 Quis
1055 1663 1137 1728 tilius
1161 1669 1298 1728 matrem
1323 1682 1408 1728 suam

252 1765 339 1830 caedi
359 1785 423 1829 non
445 1762 567 1828 doleat?
588 1766 656 1847 quis
676 1765 867 1847 genetricem
887 1785 976 1829 suam
997 1763 1154 1830 vulnerari
1175 1785 1241 1831 non
1263 1763 1408 1851 plangat?

250 1869 301 1932 An
316 1868 488 1932 tacebimus
504 1866 557 1929 illa
572 1866 753 1931 laborante?
776 1867 838 1930 Sed
854 1866 1012 1931 silentium
1032 1874 1173 1932 nostrum
1195 1874 1302 1933 reatus
1317 1868 1406 1935 doce-

250 1972 344 2050 bitur,
360 1975 391 2033 et
406 1969 603 2034 taciturnitas
618 1969 775 2033 videbitur
790 1990 858 2034 esse
875 1990 1055 2034 consensus.
1090 1970 1189 2047 Quam
1204 1971 1291 2035 euim
1305 1976 1341 2035 tu
1355 1993 1407 2058 pa-

251 2074 394 2137 tientiam
408 2072 629 2136 taciturnitatis
644 2078 747 2156 putas,
761 2072 841 2135 hanc
861 2072 939 2137 alius
956 2072 1180 2137 conscientiam
1195 2074 1407 2158 perversitatis

252 2177 423 2253 existimat3
438 2178 620 2259 praesertim
636 2177 662 2237 si
678 2180 709 2237 et
724 2177 790 2259 ipse
805 2181 926 2256 taceas,
947 2181 1079 2256 etcum,
1099 2174 1152 2258 qui
1171 2174 1259 2259 loqui
1277 2176 1408 2243 veluerit

251 2301 306 2364 pro
323 2278 504 2342 defensione
520 2277 630 2341 matris
653 2278 841 2360 communis,
862 2278 991 2341 forsitan
1011 2277 1101 2340 silere
1123 2277 1312 2362 compellas:
1341 2300 1408 2345 cum

250 2389 372 2467 tempus
388 2380 512 2445 tacendi
527 2387 559 2443 et
573 2385 695 2463 tempus
709 2379 857 2464 loquendi
872 2382 905 2442 in
920 2380 953 2444 id
973 2381 1126 2465 sapientia
1141 2379 1249 2444 divina
1263 2383 1406 2448 institue·

250 2487 301 2566 rit,
315 2489 351 2549 ut
365 2489 396 2546 et
410 2483 564 2546 modestia
577 2484 610 2545 in
626 2481 765 2564 silentio,
788 2488 819 2545 et
833 2481 911 2546 ratio
927 2488 1010 2546 esset
1024 2485 1057 2545 in
1071 2481 1184 2559 verb03
1199 2503 1239 2546 ne
1254 2483 1340 2550 ultra
1353 2484 1406 2551 ho·

250 2588 380 2652 nestatis
395 2586 562 2649 terminum
581 2585 794 2670 unusquisque
815 2584 953 2669 linguam
972 2583 1022 2648 vel
1043 2590 1200 2671 premeret
1212 2585 1264 2649 vel
1279 2592 1407 2670 teneret,

251 2696 394 2772 essetque
402 2688 573 2772 loquacitas
581 2687 757 2773 importuna
765 2687 1022 2751 autteciturnitas
1031 2687 1406 2770 obstinata,cumutrum·

252 2813 310 2877 que
324 2794 447 2856 veniret
461 2794 493 2855 in
509 2792 636 2871 vitium,
655 2790 740 2874 loqui
759 2789 839 2855 velle
861 2811 931 2853 cum
950 2810 1014 2855 nen
1035 2790 1165 2873 debeas,
1185 2798 1218 2855 et
1235 2791 1321 2857 nolle
1340 2813 1407 2859 cum

251 2894 376 2959 debeas.
398 2894 487 2958 Istud
502 2896 595 2976 igitur
610 2895 642 2956 in
658 2894 841 2957 alterutrum
856 2893 1031 2957 custodisse
1044 2893 1153 2957 habita
1163 2895 1285 2959 ratione
1296 2896 1406 2982 perde·

252 3017 322 3079 ceo,
342 3003 536 3061 cumcontra
554 2995 670 3060 librum
690 2999 782 3060 matri
802 2994 952 3060 ecclesiae
967 2996 1149 3060 tendentem
1163 2996 1296 3063 insidias
1312 2998 1406 3064 divim

252 3102 312 3164 oris
328 3121 415 3164 arma
430 3101 575 3185 corripio,
597 3106 629 3163 et
642 3106 677 3162 ut
692 3099 798 3164 Goliae
814 3118 852 3162 ex
868 3119 923 3163 suo
940 3099 1066 3164 sibimet
1080 3098 1182 3182 gladio
1199 3099 1363 3166 confidens
1377 3103 1406 3165 in

252 3201 375 3267 domino
392 3205 458 3266 eius
474 3205 628 3267 cervicem
649 3202 786 3266 abscido.
824 3202 881 3279 Qui
902 3203 1001 3265 tristis
1022 3201 1130 3283 luerit,
1152 3222 1207 3266 sue
1229 3207 1320 3287 quasi
1340 3224 1406 3270 mue

251 3303 398 3390 prodetur
411 3304 544 3385 indicio,
560 3326 631 3368 eum
647 3308 694 3368 sui
710 3324 866 3369 murmure
881 3304 1086 3369 Philistaeum
1105 3325 1137 3369 se
1153 3325 1222 3369 esse
1237 3305 1405 3372 detexeritz

250 3426 374 3471 mecum
394 3414 498 3472 autem
519 3406 723 3490 gratulabitur
743 3410 842 3472 omnis
866 3409 918 3491 qui
939 3407 1113 3493 allophylus
1133 3427 1197 3472 non
1217 3414 1275 3472 est
1312 3408 1407 3494 Igitur

252 3531 324 3575 cum
339 3508 469 3575 sollicite
486 3509 614 3591 celatur,
630 3516 661 3573 et
676 3510 795 3574 occulte
812 3510 934 3594 legitur,
950 3518 981 3574 et
997 3516 1088 3575 caute
1104 3510 1325 3595 conscribitur,
1340 3519 1406 3578 tan·

253 3611 324 3678 dem
339 3611 519 3696 aliquande,
539 3620 681 3677 nontam
696 3614 798 3677 editus
814 3633 906 3698 quam
923 3613 1148 3699 deprehensus,
1169 3612 1209 3678 ad
1223 3634 1338 3681 manus
1352 3637 1406 3682 no·

252 3722 332 3781 stras
348 3718 489 3801 pervenit
503 3715 582 3780 liber
597 3719 649 3800 qui
661 3718 870 3799 Augustinum
880 3719 1030 3781 mentitur
1041 3721 1074 3781 in
1086 3701 1187 3798 titulo,
1203 3736 1276 3782 cum
1287 3738 1323 3783 se
1335 3718 1406 3784 bae·

252 3821 385 3883 reticum
400 3819 544 3882 ostendat
558 3821 590 3882 in
605 3825 701 3883 textu.
740 3821 814 3897 Quis
834 3822 918 3883 eninr
937 3822 1057 3884 nesciat
1070 3821 1283 3903 Augustinum
1303 3819 1407 3887 erthe-

253 3921 368 3987 doxum
383 3941 504 4005 semper
518 3921 613 3985 luisse
628 3923 797 4004 doctorem,
812 3928 922 3987 ettam
937 3922 1101 3987 scribendo
1114 3942 1207 4006 quam
1218 3922 1407 4010 disputando

253 4025 397 4089 omnibus
412 4025 576 4088 haereticis
592 4023 752 4090 obviasse?
773 4025 920 4091 Velentes
936 4046 1006 4108 ergo
1021 4025 1183 4090 inimicum
1198 4024 1273 4091 fidei
1283 4034 1407 4094 nocuae

252 4130 333 4192 inte'r
348 4128 457 4191 tratres
474 4126 585 4209 dogma
600 4129 744 4192 inducere
761 4129 946 4193 catholicum
963 4127 1200 4214 supraliminare
1215 4126 1288 4194 libri
1304 4134 1355 4196 sui
1368 4133 1406 4196 ti·

252 4229 353 4295 tulum
367 4237 547 4315 posuerunt.
585 4231 642 4306 Qui
657 4230 749 4313 liber,
764 4230 850 4296 velut
864 4231 1041 4316 sepulcrum
1055 4232 1193 4314 foetens,
1212 4232 1324 4298 aforis
1339 4234 1407 4319 qui·

254 4333 325 4399 dem
347 4334 511 4414 Augustini
534 4336 658 4398 nemine
685 4334 862 4416 dealbatur,
887 4337 972 4399 intus
994 4355 1067 4400 verc
1094 4336 1224 4400 scaturit
1248 4336 1407 4403 vermibus

252 4444 454 4503 mortuorum.
481 4436 571 4500 Hune
586 4436 701 4501 librum
715 4437 881 4522 aliquando
897 4438 958 4502 sibi
973 4439 1111 4503 oblatum
1126 4437 1327 4504 beatissimae
1342 4460 1406 4505 ms·

253 4539 369 4605 moriae
384 4559 524 4603 summus
538 4541 677 4625 pontifex
692 4539 884 4606 Caelestinus
900 4542 944 4606 ita
955 4542 1145 4607 execrationi
1155 4539 1277 4625 babuit,
1290 4549 1329 4608 ut
1337 4562 1406 4609 euru

254 4648 402 4728 perpetue
416 4639 537 4706 iuberet
551 4640 691 4706 damnari
705 4641 837 4708 silentio.
869 4642 913 4709 Eo
927 4644 1027 4728 magis
1040 4642 1270 4711 baereticorum
1282 4646 1405 4713 mirum
