3046 5124
488 352 529 393 DE
541 352 718 394 nummus
730 352 824 394 amna
1175 354 1236 420 225

73 512 134 561 taur
151 506 234 561 etiam
248 522 296 577 pro
311 505 407 559 nostrie
423 507 550 576 peccatis,
574 524 634 560 oum
650 523 682 559 ea
698 523 765 577 quae
782 525 835 560 non
852 511 972 576 rapuerat
988 506 1158 577 persolveret,
1174 507 1237 560 dene

72 574 151 631 homo
162 590 180 627 a
190 575 301 629 mortuis
312 590 451 643 resurgens
463 575 577 628 ascendit
589 576 616 627 in
628 576 736 629 caelum.

139 641 297 713 Eutychiani
312 643 346 695 ab
363 642 479 711 Eutyche
496 644 609 713 quodam
627 642 928 713 Constantinopolitanae
946 645 1070 697 ecclesiae
1080 644 1237 765 §resbytero

71 713 175 851 m
201 714 272 765 idom
281 713 361 763 ceder
368 711 507 780 monache)
520 713 603 764 exorti
612 718 685 776 sunt,
697 713 742 783 qui
754 729 814 764 cum
823 712 951 765 videretur
960 713 1071 765 refutare
1099 714 1237 778 estorium,

204 795 294 833 narem
310 779 545 850 Manichaeumque
562 781 693 843 transivit,
715 788 741 833 et
756 780 923 833 humanitatis
940 782 968 833 in
985 779 1086 833 Christo
1104 781 1237 851 denegans

72 854 223 913 veritatem,
240 847 364 918 quioquid
380 864 396 899 a
413 850 492 901 verbo
508 855 612 900 nostrae
623 850 787 919 proprietatis
798 854 930 918 receptum
943 855 994 913 est,
1012 849 1113 901 divinae
1125 856 1238 903 tantum·

72 914 152 969 modo
168 917 276 970 ascribit
291 917 447 981 sententiae,
465 923 495 969 ut
510 924 701 969 sacramentum
719 918 810 969 salutis
828 916 969 981 humanae,
1004 917 1056 970 uod
1073 935 1126 970 nou
1143 919 1195 970 nisi
1212 919 1239 970 in

73 990 186 1055 utreque
201 985 349 1037 substantia
364 992 404 1037 est
418 991 543 1049 nostram,
560 986 587 1037 in
606 984 708 1038 Christo
720 992 840 1038 naturum
852 985 971 1066 negando
984 935 1147 1050 insonaret,
1159 987 1239 1039 stulta

73 1052 210 1125 inpietate
219 1069 274 1107 non
284 1054 399 1107 centiene
410 1054 531 1107 universo
544 1055 642 1124 corpori
654 1054 749 1107 auferri
761 1054 830 1123 quod
842 1070 872 1106 ca
891 1055 922 1106 rti
933 1054 1065 1108 defuisset.

140 1120 397 1175 narentanorum
410 1131 477 1173 certe
492 1122 516 1172 Τ
513 1122 666 1174 imotieanoe
679 1127 703 1173 iu
718 1142 749 1174 ro
762 1141 855 1192 quoque
882 1122 1081 1192 epreheudcmne‚
1093 1127 1119 1174 iu
1131 1132 1239 1193 quotuor

75 1190 262 1253 maim,
279 1195 305 1241 e'n
319 1192 460 1259 appendice
471 1192 551 1243 libelii
561 1190 670 1242 Pseudo·
700 1195 873 1259 r'eronyme'am'.
900 1190 933 1242 Ia
944 1193 999 1245 cod.
1013 1210 1057 1244 me.
1070 1210 1137 1243 eoec.
1157 1191 1237 1245 VIII.

73 1260 115 1311 oei
124 1256 178 1313 IX.
190 1258 249 1311 oiim
260 1256 388 1321 Bobicncr}
399 1277 464 1309 auae
482 1258 667 1310 Vindoboaenoi
683 1277 707 1310 a.
726 1257 852 1311 cccxl!
852 1301 857 1312 .
872 1261 987 1328 capitula
1002 1263 1093 1328 apuria
1106 1262 1137 1311 de
1148 1259 1238 1311 Nerto-

74 1329 161 1379 n'onie
176 1336 203 1379 et
216 1324 388 1394 Eutychiana
403 1330 457 1378 iam
468 1328 517 1395 fol.
527 1326 573 1379 20.
586 1347 609 1379 u.
624 1328 736 1395 epietolie
756 1326 943 1388 Quodvultdeue
956 1332 1103 1396 praemiosa
1120 1337 1188 1390 eant,
1206 1328 1238 1379 ab

75 1395 133 1449 aiio
143 1402 243 1447 neema
254 1412 339 1457 manu,
351 1413 406 1446 cum
418 1394 468 1446 hac
480 1404 556 1447 nota:
570 1394 633 1457 „hoc
642 1394 836 1465 adiungendum
845 1401 886 1447 eet
895 1396 923 1448 in
932 1395 984 1447 fine
994 1396 1126 1466 sequentis
1135 1396 1239 1448 libelli.”

76 1462 116 1533 (ay.
131 1460 276 1515 Endie'cher
294 1463 378 1517 Oatol.
398 1462 476 1517 codd.
495 1463 588 1517 Philet.
601 1463 689 1518 Latin.
709 1463 775 1516 Bul.
789 1464 876 1516 Palae.
894 1462 1000 1518 Vindoo.
1010 1482 1038 1533 p.
1051 1462 1114 1518 216.
1140 1465 1172 1516 In
1184 1467 1239 1516 oud.

75 1548 119 1585 no.
137 1530 230 1584 Veneto
240 1529 268 1583 S.
278 1530 368 1583 Marci
376 1535 422 1599 (cs.
435 1530 541 1583 Zaaetti
553 1531 637 1584 Cetei.
650 1542 705 1584 tom.
719 1532 758 1583 II.
767 1550 795 1601 p.
808 1531 864 1596 42.)
877 1530 926 1583 hue
939 1534 1005 1584 duae
1017 1533 1135 1583 iaereeee
1152 1536 1180 1583 in
1186 1535 1239 1601 fine

75 1599 156 1653 uodo
165 1608 225 1653 auat
233 1601 340 1653 additae
351 1618 405 1650 cum
418 1599 468 1651 iao
481 1609 554 1651 nota.-
568 1600 696 1670 „Explicit
706 1600 772 1652 liber
783 1600 814 1652 de
825 1600 991 1654 Haereeihus.
1025 1592 1095 1655 Haec
1107 1600 1159 1653 duo
1171 1601 1240 1670 eapi-

75 1668 132 1721 tuia
160 1683 210 1721 nae
225 1674 384 1732 eeuuuntur,
401 1668 501 1720 scilicet
511 1668 670 1733 Nestoriani,
686 1668 842 1737 Eutychiani
854 1684 870 1719 a
880 1668 907 1720 S.
919 1668 1029 1723 Vinadio
1042 1671 1102 1733 (eie)
1119 1669 1239 1738 episcopo

75 1682 234 1791 heitone
251 1740 312 1801 (eie)
329 1734 449 1789 dicuntur
464 1737 591 1806 apposita.
626 1736 713 1806 Aliqui
724 1742 812 1789 tamen
824 1736 883 1789 iibri
893 1736 990 1789 habent
1002 1738 1053 1789 ieta
1064 1736 1114 1788 duo
1127 1738 1241 1807 capitula

76 1810 136 1858 aute
145 1804 222 1858 iilum
232 1804 319 1858 loenm
331 1805 449 1873 euporius
460 1806 587 1874 positum:
611 1804 678 1857 Ecce
695 1820 775 1875 quam
789 1806 885 1857 multas
902 1806 1162 1857 commemoravimus
1180 1805 1240 1857 hae-

76 1872 172 1928 ΜΗ
207 1872 241 1925 In
252 1872 452 1925 unte-Maurim'e
467 1874 606 1940 Aepuetini
617 1874 767 1925 editionibue
783 1883 807 1926 et
817 1882 935 1941 quartam
947 1876 978 1926 do
989 1872 1240 1926 Praedeeta'natiam'a

77 1942 194 1995 αᾰῶαπι
203 1944 316 1994 inueniri
331 1959 369 1993 me
385 1943 476 1993 docent
488 1943 567 1994 uerbo
577 1940 708 1995 Sirmoade‘
719 1941 788 1997 Hier.
800 1942 960 1995 Praedcetr'n.
974 1960 995 1996 e.
1011 1943 1046 2004 6„
1057 1952 1083 1994 et
1096 1941 1141 1994 ΤΙι.
1155 1943 1240 2010 Iniqe'i

78 2011 108 2063 de
117 2008 320 2063 Haereeiorche'a
330 2009 439 2062 Dieeert.
450 2009 539 2079 Praes.
547 2028 612 2080 paq.
625 2010 665 2062 11.
