3046 5124
549 358 589 401 DE
601 358 777 403 nummus
788 359 880 403 msa
1245 364 1288 431 93

133 516 261 599 fictum,
276 534 340 581 nen
355 517 502 597 ammam,
517 522 550 579 et
563 517 646 601 quod
660 521 761 603 imago
777 518 826 583 dei
841 537 953 602 corpus
968 520 1020 599 sit,
1034 538 1097 583 non
1111 521 1216 583 anima
1230 519 1287 584 ho·

131 621 244 703 minis,
267 625 301 683 et
318 619 402 703 qnod
423 620 595 685 seeundum
613 622 945 705 praedestinationemc
961 618 1127 702 ²dixeritdj,
1145 623 1190 685 ita
1203 621 1288 687 arbi·

131 728 241 805 tratur,
257 744 331 787 curn
345 723 447 787 dicm⁰
462 722 643 808 scripturas,
659 724 791 808 Etfecd
805 726 879 788 dara
891 724 1050 806 tenuimus,
1065 724 1111 787 cd
1123 725 1288 811 imopioem

130 846 221 891 mam
230 825 318 911 serit
335 848 419 907 euna,
436 828 611 891 suessulam
629 836 657 889 et
667 826 824 911 furtiuum
835 827 918 911 fecit
937 849 1001 903 eoa·
1019 828 1200 909 ³ignorans‚
1215 849 1286 912 pro·

122 926 227 1015 pheta
240 928 318 1013 quid
335 928 457 993 dixerit.
481 929 559 993 Cum
575 928 652 992 dicit
666 931 751 993 enim
764 928 949 1010 Facio-mue,
964 931 1120 1014 promittit
1133 930 1288 995 facturum

130 1050 173 1113 se,
189 1050 327 1115 cumque
348 1031 425 1096 dicit
438 1030 528 1095 Fecit
547 1034 638 1112 (lorea,
659 1033 722 1095 iarn
737 1051 814 1115 opus
833 1031 950 1095 factum
966 1032 1173 1113 demonstrat,
1194 1038 1226 1095 et
1240 1033 1286 1096 fa-

131 1140 214 1201 ctam
228 1156 296 1199 non
311 1152 454 1214 earnem,
469 1134 525 1198 scd
540 1136 693 1215 animam,
708 1154 786 1217 quae
800 1134 1009 1199 ⁴rationabilis
1025 1143 1089 1216 est,
1109 1134 1285 1200 declaravit.

129 1234 210 1303 Nam
226 1236 312 1321 qnod
327 1258 397 1301 caro
414 1238 482 1300 sine
497 1239 602 1301 anirna
617 1257 679 1301 non
694 1237 794 1320 possit
807 1236 908 1321 eloqui
919 1259 982 1302 non
994 1245 1043 1301 est
1053 1237 1200 1316 dubinm3
1215 1258 1287 1320 crgo

131 1360 202 1405 earo
218 1360 371 1422 organum
386 1342 508 1403 animae
523 1346 572 1403 est
586 1339 804 1404 ⁵rationabilis.
828 1339 999 1405 blasonlum
1010 1348 1042 1404 et
1052 1341 1201 1405 feminam
1216 1360 1288 1405 cum

131 1442 207 1509 dicit
222 1444 393 1527 scriptura,
408 1463 471 1506 non
486 1442 537 1505 hio
554 1462 718 1526 corporum
733 1452 876 1523 sexumss,
891 1443 946 1508 sed
961 1446 1083 1508 animae
1099 1444 1287 1509 dominantis

134 1554 166 1611 et
179 1544 375 1611 subiacentis
391 1543 530 1609 declarat
545 1544 704 1609 indicium.
741 1545 780 1610 Ilt
801 1543 883 1630 quod
903 1567 964 1610 non
984 1568 1113 1632 corpora
1131 1548 1196 1611 sint
1214 1552 1287 1611 ante

131 1646 213 1713 lactc
226 1646 406 1741 iacentiaffi,
421 1648 503 1711 sicut
519 1646 645 1729 quidam
661 1649 829 1712 aestimant
843 1649 1065 1732 imprudentes,
1079 1670 1142 1715 non
1157 1656 1206 1713 est
1219 1670 1286 1713 arn·

130 1750 277 1835 bignnm}
292 1770 365 1815 cum
381 1772 451 1815 cero
466 1750 553 1815 Adae
568 1771 604 1814 ac
620 1750 759 1815 mulieris
774 1750 882 1836 postea
896 1752 977 1815 lacta
991 1755 1046 1830 sit3
1068 1772 1141 1817 nam
1155 1754 1287 1837 septimo

131 1852 181 1919 die
202 1854 282 1918 dicit
303 1856 459 1940 scriptura
480 1853 518 1917 de
541 1853 643 1917 Adam
665 1856 723 1917 ita:
749 1854 794 1918 m
815 1857 935 1939 occepit
955 1856 1098 1919 dorru'uue
1119 1866 1236 1919 terram
1250 1856 1288 1917 dc

131 1956 214 2039 le'rrso,
225 1958 433 2043 etplaeraooit
444 1956 596 2021 bourinem
607 1957 794 2042 quemfecit.
817 1956 912 2021 Vides
923 1977 993 2039 crgo
1006 1957 1158 2041 quomodo
1170 1958 1286 2022 facturn

130 2060 301 2141 hominem,
315 2059 349 2123 id
364 2066 413 2123 est
427 2061 563 2123 animam
579 2066 650 2123 ante
663 2060 800 2124 ostendit
812 2059 1025 2125 rationabilem
1036 2066 1068 2123 et
1079 2060 1286 2125 immortalem

130 2182 199 2229 esse
214 2168 353 2228 creatam
367 2183 387 2226 e
401 2161 537 2244 domino,
552 2184 630 2246 qnae
645 2165 751 2246 utique
767 2165 867 2246 imago
884 2162 933 2226 dei
948 2171 995 2227 est
1009 2162 1172 2247 appellata.
1206 2162 1284 2225 'ler-

130 2287 198 2333 ram
212 2272 320 2331 autern
335 2264 374 2329 de
388 2265 462 2329 limo
478 2272 639 2351 acceptam
654 2265 832 2330 adiunctam
847 2267 979 2348 animae,
992 2265 1026 2329 id
1040 2272 1088 2329 est
1102 2265 1285 2329 exteriorem

129 2368 302 2451 hominem,
317 2389 429 2453 corpus
445 2368 552 2451 fragile
568 2368 617 2432 dio
633 2371 775 2452 sequenti
791 2368 1001 2432 manifestavit
1015 2368 1218 2453 plasmatum,
1231 2367 1285 2432 6ae

130 2474 175 2539 sic
188 2474 333 2539 immisso
349 2492 459 2557 soporo
474 2473 507 2535 in
526 2472 628 2536 Adam
641 2478 811 2557 posteaque
827 2471 865 2535 de
877 2477 963 2535 costa
981 2472 1047 2535 cius
1058 2473 1216 2556 accepisse
1229 2469 1284 2534 do·

101 2570 111 2589 ⁹
128 2578 252 2645 minum
272 2582 306 2639 et
325 2576 438 2639 fecisse
452 2575 616 2639 mulierem
633 2576 788 2659 scriptura
802 2580 935 2638 testatur
949 2596 984 2639 ac
999 2573 1166 2659 praedicat.
1200 2574 1240 2639 Et
1252 2579 1287 2637 ut

128 2682 268 2769 primum
284 2681 326 2743 sit
340 2680 445 2742 animo
459 2678 552 2761 sacta,
567 2678 599 2742 id
615 2685 663 2741 est
678 2684 765 2741 sexto
787 2678 852 2759 dio,
874 2676 922 2741 die
946 2684 1050 2741 antem
1069 2680 1201 2763 septimo
1217 2699 1285 2743 cor·

127 2782 208 2871 pusl
222 2782 263 2848 de
277 2787 362 2847 terra
376 2782 564 2866 plasmatum
578 2781 682 2862 Adae,
702 2782 747 2844 sic
763 2780 802 2845 de
816 2781 875 2844 viri
892 2801 1033 2865 corpore,
1054 2780 1102 2845 ⁷ic
1123 2786 1172 2845 ost
1186 2780 1224 2845 de
1239 2780 1284 2845 la·

194 3004 220 3059 2.
241 3004 337 3058 dixerit
348 3003 445 3057 domini
457 3004 493 3056 its
505 3002 661 3055 arbitrantur
675 3003 707 3054 A.
760 3001 784 3054 3.
796 3002 946 3071 ignorantes
960 3003 993 3054 A.
1043 3002 1068 3055 4.
1079 3002 1239 3056 rationabilis
1252 3004 1285 3056 A.

127 3075 264 3131 ntionalis
274 3074 373 3142 reliqui.
424 3072 449 3126 b.
461 3073 498 3125 rei
509 3072 670 3125 rationabilis
688 3072 722 3125 A.
734 3070 866 3124 rationalis
878 3072 976 3139 reliqui.
1028 3070 1051 3122 o.
1069 3086 1099 3123 ac
1109 3072 1147 3124 sie
1158 3073 1192 3127 A.
1204 3087 1235 3125 ac
1246 3090 1285 3124 re·

127 3146 198 3215 tepet.
245 3142 271 3195 7.
287 3141 314 3194 id
326 3148 367 3210 est
378 3160 423 3193 orn.
436 3143 470 3192 A.

126 3330 187 3387 Son.
207 3328 277 3383 Bibl.
294 3329 406 3383 Sanctae
423 3330 518 3382 Annot.
536 3328 593 3381 205.
611 3336 685 3394 extr„
735 3328 785 3380 sibi
805 3327 853 3379 hac
873 3326 899 3379 in
920 3333 992 3397 parte
1016 3329 1184 3383 assentientes
1202 3329 1286 3383 Phila-

125 3400 172 3455 nbi
185 3400 345 3453 sententiam
367 3397 486 3465 Gregorii
506 3397 619 3467 Nysseni
636 3415 684 3450 ceu
735 3395 937 3449 striushabebit.
972 3395 1027 3460 (F.)

124 3467 290 3523 Platonicum
308 3467 464 3536 figmentum
483 3467 620 3535 suggillat,
644 3472 685 3518 ast
769 3464 793 3517 h.
811 3464 844 3516 Et
855 3465 925 3533 qnod
936 3482 988 3517 non
1000 3481 1108 3586 corpora
1118 3468 1171 3519 sint
1180 3474 1240 3520 ante
1248 3468 1286 3519 ta·

125 3541 274 3591 umextra
284 3536 477 3588 Platonicorum
493 3551 591 3587 errores
607 3535 684 3588 collo·
735 3540 777 3586 cta
788 3534 910 3599 iacentia]
934 3534 1028 3603 Aperte
1055 3536 1286 3604 alsumessequod

126 3604 237 3659 mamm
249 3620 307 3657 esse
318 3604 420 3657 monuit
432 3604 574 3656 Cotelerins
591 3603 622 3655 ad
636 3603 683 3656 lte-
735 3601 784 3655 hoc
797 3603 851 3653 loco
864 3600 1014 3654 l'hilastrins
1024 3605 1161 3671 pertendit,
1177 3621 1229 3655 non
1241 3604 1286 3655 du-

125 3688 204 3743 eogn.
215 3672 357 3726 Glemsntis
368 3688 429 3742 pag.
440 3672 498 3723 4253.
528 3672 667 3739 (Galoardl
736 3672 800 3722 bitat
813 3670 941 3722 attirmare
953 3670 1169 3735 l‘etavius‚‹nem
1181 3672 1286 3723 videsis

145 3740 684 3811 c.secundnmpraedestinationenr]Quasi
734 3740 800 3792 libro
818 3739 841 3791 ⁶2.
854 3739 1012 3807 Dogrnatum
1030 3740 1117 3792 Theo.
1134 3740 1165 3791 de
1178 3739 1286 3808 Opificio

123 3810 215 3867 Moses
230 3816 333 3863 tantum
344 3809 481 3863 consilium
499 3810 540 3861 dei
557 3826 683 3878 exposne-
734 3825 781 3860 sex
794 3808 893 3860 dierum
905 3824 961 3877 cap.
972 3807 996 3860 4.
1010 3810 1032 3874 ξ.
1047 3808 1085 3859 re.
1121 3807 1176 3871 (F.)

123 3879 172 3944 rlt,
188 3883 268 3949 atque
283 3879 364 3931 verba
379 3881 475 3945 erfecit
486 3880 558 3940 decis,
576 3895 627 3929 non
641 3877 682 3930 de·
773 3877 790 3928 i.
808 3877 929 3943 iacentia]
956 3875 1018 3928 Sino
1038 3876 1130 3945 spiritu
1153 3881 1178 3927 et
1200 3877 1287 3929 anima

123 3945 680 4017 nooentquidleceritsedqnidfacereprae·
729 3945 848 3998 iacentia.

123 4014 300 4069 destinaverit.
334 4015 390 4080 (Ν.)
764 4013 791 4066 k.
809 4014 896 4067 anima
907 4020 981 4066 sexto
994 4012 1169 4092 die,septimo
1180 4017 1286 4083 corpus]

157 4084 184 4139 d.
206 4082 350 4137 secundum
386 4083 626 4137 raedestinationem
644 4083 680 4136 di·
731 4079 1285 4151 lterunriternmqnehoccaprtel’hilastrius

122 4154 205 4221 xerit]
224 4100 434 4207 Deusvidellcet.
732 4152 829 4220 ingerit
848 4152 995 4220 opinionem
1016 4164 1090 4201 suam
1111 4150 1285 4205 incredibilem

157 4238 181 4277 e.
198 4238 261 4274 cum
271 4220 351 4286 dicat]
366 4221 458 4275 Malim
469 4222 555 4291 legero
572 4223 681 4274 eum-di·
733 4227 759 4272 et
770 4220 924 4271 contrariam
936 4219 1066 4270 communi
1077 4220 1227 4285 sententiae,
1238 4238 1286 4276 nec

123 4294 168 4345 cit.
186 4288 255 4353 Quis
264 4294 351 4343 tamen
364 4293 390 4341 et
401 4292 510 4343 alterum
518 4290 578 4343 ferri
606 4296 682 4353 otest,
732 4289 820 4341 minus
832 4287 966 4339 adversam
979 4286 1044 4339 sacri
1058 4287 1189 4357 scriptoris
1201 4291 1285 4343 verbis

121 4358 332 4431 repugnantibus
342 4358 415 4411 libris
423 4365 524 4411 mutare
533 4308 682 4412 nihilvolni.
734 4356 849 4417 disertis,
871 4357 915 4425 qui
935 4355 1012 4407 deum
1032 4355 1073 4408 die
1092 4358 1201 4427 septimo
1221 4358 1286 4411 nibil

122 4426 209 4483 heus
221 4432 263 4481 eat
274 4426 370 4481 Genea.
381 4427 401 4480 l.
414 4427 454 4480 ⁶27.
491 4427 548 4491 (Ρ.)
734 4440 845 4487 creasse,
855 4423 899 4476 sed
906 4425 993 4476 omnia
1001 4440 1080 4495 opera
1087 4441 1135 4478 sna
1143 4427 1286 4480 absolvisse

165 4496 185 4549 t.
201 4512 263 4551 cnm
274 4494 345 4549 dicat
355 4496 494 4565 scriptura]
519 4496 585 4549 Gmn
597 4503 682 4550 tamen
735 4494 776 4545 dio
790 4498 878 4556 sexta,
895 4494 1105 4561 septimoautem
1121 4495 1154 4547 ab
1165 4497 1285 4553 ‹ruinibns

121 4564 339 4647 ffltfflfipm
733 4562 855 4688 pperibns
872 4562 926 4614 suis
942 4563 1070 4632 quievisse
1086 4564 1176 4617 scribit
1192 4564 1285 4620 (lenes.

158 4650 186 4706 g.
202 4650 256 4693 non
266 4634 311 4691 luc
320 4649 458 4705 corporum
466 4636 573 4703 saxum]
583 4631 682 4691 Paucos
777 4630 802 4685 t.
817 4631 986 4701 Atquonianr
994 4632 1127 4693 Genesll.
1137 4632 1287 4706 assentur
