3046 5124
601 383 794 437 PRAEFATIO.
1212 402 1279 449 χω

123 519 236 585 thecae
256 519 431 585 Vaticanae
453 521 577 586 scriniis
600 524 819 599 recenseatur,
845 519 985 600 reperire
1006 536 1070 583 non
1091 518 1194 602 potui;
1224 538 1280 584 ne-

124 647 186 710 que
206 630 240 695 in
262 630 491 712 antiquioribus
518 631 587 696 eius
610 629 764 711 catalogis
787 629 854 693 ulla
879 629 948 694 eius
971 627 1090 693 mentio
1112 633 1163 694 est
1183 628 1278 696 facta

123 739 311 822 Exemplum
328 741 476 806 editionis
491 759 622 822 operum
637 740 809 822 Epiphanii
823 739 1029 818 BasileensiS,
1046 739 1135 804 cinus
1150 738 1184 803 in
1197 757 1280 804 mar-

123 848 249 930 ginibus
265 850 384 931 ipsius,
405 851 453 915 uti
467 851 606 931 videtur,
628 852 665 916 Α.
683 850 806 915 Schotti
827 868 924 915 manu
937 850 1011 914 illae
1028 850 1204 930 scripturae
1223 850 1279 914 ad-

124 959 229 1040 pictae
251 965 340 1039 sunt,
374 961 414 1025 de
435 961 572 1025 Parisini
595 961 760 1026 cruusdam
789 960 981 1042 bibliopolae
1007 959 1118 1024 tabula
1139 965 1300 1042 emptum

123 1069 207 1134 felici
229 1071 366 1153 quodam
388 1089 465 1136 casu
487 1073 520 1135 in
541 1072 779 1152 possessionem
801 1089 904 1136 meam
925 1075 1124 1153 pervenerat.
1167 1071 1205 1135 ln
1227 1089 1280 1136 su·

98 1264 104 1278 .
123 1180 248 1261 periore
269 1180 363 1262 primi
384 1180 452 1245 folii
471 1187 564 1262 parte
580 1181 711 1264 legitur:
734 1179 901 1265 „Collegit
916 1179 1092 1245 Societatis
1112 1180 1182 1245 lara
1198 1181 1279 1247 Bre-

124 1289 352 1371 dae·(eadem,
374 1291 421 1355 uti
441 1291 582 1372 mdebm,
603 1310 716 1356 manus
738 1291 798 1356 hoc
819 1309 934 1356 nomen
954 1290 1091 1357 mutavit
1106 1292 1139 1355 in
1154 1291 1278 1375 Hallir)

125 1401 268 1480 16252‘,
288 1401 322 1465 in
342 1400 506 1466 inferiore:
538 1401 650 1480 „Usta
673 1401 794 1464 Fraac.
812 1399 955 1479 Sabelli,
978 1404 1033 1486 qui
1054 1423 1122 1481 mom
1147 1401 1211 1466 Mc.
1234 1402 1279 1466 bi·

10 1511 41 1600 ¹.
123 1509 231 1574 bliotlr.
264 1509 444 1575 Vaticanus
465 1531 518 1574 aa.
543 1513 649 1577 1597.
673 1510 891 1594 Epiphaniam
917 1511 1045 1575 Graece
1066 1514 1221 1591 corctalit,
1248 1521 1279 1577 et
1342 1530 1349 1543 ·

125 1640 194 1684 cum
216 1620 337 1685 Latiae
359 1621 527 1705 conseret,
559 1621 643 1685 Arari.
662 1620 824 1685 Scbottrar.
874 1619 987 1699 Quare
1009 1641 1073 1685 noa
1096 1625 1280 1706 compingo·

122 1738 176 1794 tar
198 1738 255 1795 aet
275 1737 462 1814 tepoter.“,
494 1749 576 1812 quae
596 1737 760 1813 postrema
789 1731 927 1813 quinque
949 1730 1047 1796 verba
1068 1731 1143 1796 stilo
1164 1737 1280 1814 postea

122 1845 200 1906 sunt
221 1841 360 1906 inducta.
403 1841 563 1922 Excerpta
581 1842 737 1907 Vaticana
757 1841 914 1923 incipiunt
934 1841 1009 1906 inde
1031 1860 1051 1906 a
1071 1860 1144 1924 pag.
1160 1843 1210 1908 28.
1229 1844 1277 1908 ed.

121 1950 220 2017 Basil.
240 1956 273 2015 et
293 1951 455 2032 pertinent
477 1969 578 2032 usque
600 1953 643 2017 ad
663 1970 736 2035 pag.
754 1953 839 2032 171,
868 1969 930 2033 quo
952 1952 1058 2034 spatio
1079 1952 1281 2018 continentur

120 2059 193 2124 libri
213 2060 307 2142 primi
327 2066 432 2127 tomus
456 2063 614 2127 secundus
645 2068 677 2127 et
698 2063 828 2142 tertius,
859 2080 962 2143 neque
989 2063 1115 2144 uspiam
1144 2068 1278 2128 annota-

120 2174 188 2235 tum
209 2171 317 2237 inveni
337 2176 444 2237 utrum
464 2172 632 2237 ulteriores
655 2191 780 2254 quoque
808 2172 970 2237 contineat
990 2172 1070 2237 liber
1091 2173 1277 2253 Vaticanus,

120 2298 163 2346 an
184 2300 256 2346 non
306 2281 460 2347 Eiusdem
488 2283 625 2364 exempli
652 2282 848 2365 marginibus
876 2281 997 2345 mixtim
1020 2299 1090 2345 cum
1111 2281 1276 2347 Vaticanis

120 2391 161 2455 ab
177 2390 242 2456 alia
262 2408 359 2455 manu
381 2392 544 2473 adscripta
565 2398 641 2457 sunt
661 2392 819 2474 pauculae
841 2392 1018 2473 scripturae
1036 2410 1075 2457 ex
1091 2391 1154 2456 alio
1168 2396 1277 2458 vetere

119 2500 215 2581 libro,
238 2499 292 2580 qui
314 2499 407 2580 signo
430 2500 478 2563 M.
503 2502 650 2583 apposito
667 2502 812 2568 denotari
834 2502 930 2581 solet,
951 2502 1122 2583 repetitae,
1144 2519 1278 2583 quarum

119 2610 221 2676 sicubi
242 2627 320 2675 usus
342 2608 440 2690 aliqui
462 2628 539 2676 esse
560 2612 728 2677 videbatur
749 2613 939 2678 mentionem
967 2611 1072 2679 facere
1094 2631 1159 2677 non
1179 2612 1277 2678 inter-

119 2721 200 2786 misi.
244 2719 430 2786 Schottiana
450 2739 525 2787 vero
548 2741 586 2788 ex
607 2722 762 2789 Vaticano
787 2722 868 2788 libro
890 2727 1053 2804 excerpta,
1083 2723 1212 2804 quibus,
1240 2729 1278 2789 ut

119 2831 196 2912 dixi,
217 2829 369 2896 Petavius
391 2832 577 2914 plerumque
598 2850 691 2913 usus,
713 2832 872 2899 interdum
895 2834 990 2898 etiam
1013 2834 1133 2898 abusus
1155 2838 1220 2914 est,
1242 2839 1276 2898 et

119 2941 225 3007 omnia
247 2947 280 3006 et
305 2941 431 3024 integra
456 2944 632 3025 repetenda
659 2943 779 3023 curavi,
812 2943 987 3025 exquibus
1014 2944 1075 3008 hoc
1097 2943 1274 3009 certissime

118 3057 254 3135 apparet
267 3051 459 3117 Vaticanum
481 3058 514 3117 et
528 3053 686 3119 Venatum
707 3053 819 3134 libros,
841 3054 1028 3135 plerumque
1044 3053 1274 3135 conspirantes,

118 3163 261 3229 eiusdem
284 3161 393 3244 stirpis
416 3179 498 3228 esse.

202 3274 252 3339 De
272 3274 381 3340 codice
404 3273 644 3340 Vindobonensi
664 3291 731 3338 nro.
752 3272 906 3340 cxxvii.
928 3273 962 3338 in
983 3273 1118 3339 Kollarii
1140 3273 1274 3357 Supple-

118 3385 234 3451 mentis
257 3385 344 3468 (pag.
361 3384 445 3467 738.)
468 3385 608 3467 signato,
637 3385 677 3449 ab
698 3383 846 3466 imperito
868 3384 974 3466 aliquo
995 3385 1180 3450 recentioris
1203 3385 1275 3450 aeri

117 3494 245 3561 librario
268 3495 462 3581 conscripto,
483 3495 537 3577 qui
559 3492 637 3559 nihil
658 3494 721 3560 nisi
742 3494 917 3577 particulas
939 3495 1095 3577 quasdam
1116 3514 1156 3561 ex
1170 3494 1274 3585 Pana-

117 3605 158 3669 rii
176 3605 266 3671 libris
289 3611 456 3687 excerptas
483 3604 639 3685 continet,
670 3603 823 3686 cuiusque
848 3604 949 3671 futilis
978 3606 1093 3693 plane·
1124 3610 1160 3686 ,t
1185 3604 1275 3672 nulla

119 3714 292 3781 auctoritas
314 3722 380 3798 cst,
402 3735 467 3783 non
488 3715 589 3799 magis
607 3733 765 3798 exponere
787 3716 911 3782 adunet
932 3734 1027 3798 quam
1041 3623 1175 3783 defin
1191 3714 1275 3782 eius-

34 3906 40 3915 ,
119 3824 192 3890 dem
214 3828 247 3889 et
267 3827 392 3906 generis
415 3833 448 3893 et
469 3826 565 3910 pretii
586 3826 747 3893 codicibus
776 3826 831 3909 qui
851 3827 883 3892 in
906 3827 978 3893 aliis
1000 3825 1200 3893 bibliothecis
1223 3842 1274 3890 as-

116 3939 300 4014 servantur;
328 3937 365 4002 cl.
384 3937 522 4003 Fabricii
542 3936 623 4004 Bibl.
643 3937 696 4004 Gr.
718 3937 778 4003 vol.
798 3938 900 4019 vni,
922 3956 995 4021 pag.
1011 3938 1075 4002 264
1088 3953 1155 4018 sqq.
1253 4014 1267 4033 ·

202 4045 252 4124 De
275 4044 404 4127 Syriaca
419 4047 548 4114 Panarii
568 4047 716 4114 versione
737 4048 771 4114 in
794 4049 902 4115 codice
924 4049 1044 4130 scripto
1066 4065 1105 4112 ex
1120 4045 1273 4112 Niniain

117 4156 264 4224 Musenm
285 4155 502 4224 Britannicum
531 4177 634 4242 nuper
662 4158 795 4226 advecto
825 4164 858 4225 et
884 4176 960 4241 spes
988 4161 1021 4223 et
1046 4156 1133 4223 lama
1152 4155 1274 4239 fefellit,

117 4287 188 4334 cum
209 4268 238 4334 is
259 4266 424 4334 liber-non
446 4268 573 4335 Panarii
601 4269 832 4351 amplissimum
860 4286 957 4355 opus,
983 4267 1042 4333 sed
1070 4267 1173 4334 solum
1203 4270 1273 4336 eius

116 4377 430 4461 anacephalaeosin,
459 4378 492 4443 ni
511 4378 621 4460 fallor,
643 4379 812 4446 contineat
855 4379 917 4445 Est
936 4382 1045 4445 tamen
1066 4378 1273 4463 dignissimus

116 4489 171 4572 qui
192 4490 233 4556 ab
255 4488 380 4555 erudito
402 4486 508 4570 aliquo
530 4492 563 4554 et
583 4489 733 4572 Syriacae
755 4488 885 4571 linguae
906 4489 1010 4573 perito
1031 4488 1158 4557 bomine
1179 4509 1272 4557 excu-

39 4646 48 4661 .
115 4600 227 4684 unam,
249 4603 361 4684 utpote
383 4597 473 4667 ciuus
496 4603 602 4682 aetas,
628 4599 664 4668 id
684 4599 770 4683 quod
791 4618 831 4667 ex
851 4599 1086 4686 subscriptione
1106 4599 1215 4685 colligi
1234 4599 1272 4667 li-
