3046 5124
547 331 635 375 mss
650 331 760 374 ramus.
1174 333 1235 399 245

70 492 142 559 nius
163 491 229 556 iam
250 491 376 557 omuino
400 489 554 555 defecisse
575 493 725 570 testatur,
746 491 846 554 victos
866 510 886 553 a
906 486 1078 574 Theophila
1093 489 1232 574 Apamea

70 595 228 682 episcopo.

131 694 376 779 Quadregesimo
390 694 459 760 loco
475 699 686 780 apparuerunt
699 692 877 779 apostolici,
899 696 952 778 qui
972 713 1006 756 se
1026 691 1084 756 hoc
1104 696 1233 759 nomine
1252 709 1302 760 crr-
1316 710 1359 749 xb-

68 798 258 883 adroganter
278 797 428 884 appellari
451 797 617 861 voluerunt
642 817 678 860 eo
702 797 785 881 quod
810 799 956 861 insuam
981 798 1232 861 communionem

68 922 133 968 uon
147 902 305 987 recipiunt
318 906 442 964 utentes
459 900 641 982 coniugibus
657 906 689 962 et
703 919 752 963 res
768 902 909 985 proprias
923 899 1138 985 possidentes,
1154 919 1231 982 qua·

67 1003 114 1071 les
127 1002 228 1069 hebet
242 1001 396 1069 catholica
410 1010 442 1066 et
455 1001 626 1067 monachos
642 1008 674 1066 et
684 1001 812 1066 clericos
823 1001 985 1087 plurimos.
1008 1001 1081 1065 Ideo
1096 1021 1166 1083 ergo
1177 1003 1230 1065 isti

67 1106 220 1173 haeretici
234 1111 319 1188 sunt,
334 1108 408 1190 quia
422 1125 455 1170 se
471 1105 509 1170 ab
526 1105 659 1170 ecclesia
674 1111 854 1189 separantes
870 1104 989 1168 nullam
1003 1124 1092 1189 spem
1105 1125 1157 1167 eos
1173 1125 1231 1189 pu-

67 1214 140 1275 tant
152 1208 269 1275 habere
284 1210 338 1292 qui
353 1214 482 1272 utuntur
495 1207 545 1272 his
560 1208 654 1272 rebus
670 1207 782 1292 quibus
797 1210 859 1293 ipsi
874 1213 990 1271 carent.
1018 1208 1075 1271 llis
1087 1208 1120 1269 in
1131 1227 1167 1270 eo
1183 1214 1230 1269 te-

68 1312 217 1378 stimonio
232 1312 366 1376 occurrit
381 1310 528 1392 ecclesia,
542 1313 575 1374 in
591 1331 650 1394 quo
666 1310 742 1374 dicit
757 1309 949 1395 ¹apostolus,
967 1309 1099 1373 Etiamsi
1120 1329 1231 1394 corpus

67 1434 175 1481 meum
188 1433 253 1480 non
268 1413 368 1478 solum
383 1412 582 1478 abstinentiis
593 1432 759 1494 macerem,
775 1411 831 1476 sed
843 1415 938 1475 etiam
949 1409 1071 1475 tradam
1083 1432 1154 1476 eum
1166 1413 1230 1493 igni

68 1522 104 1583 ut
116 1516 237 1599 ardeat,
252 1518 414 1582 caritatem
428 1520 534 1580 autem
548 1535 611 1579 uon
625 1514 768 1596 habeam,
783 1515 861 1579 nihil
875 1515 952 1578 mihi
967 1513 1105 1598 prodest.

130 1618 169 1686 In
191 1619 460 1703 quadragesimam
483 1628 516 1681 et
535 1620 670 1702 primam
691 1616 846 1681 haeresim
869 1616 1040 1681 Sabelliani
1060 1615 1230 1680 aSabellio
1250 1629 1299 1673 cao.
1313 1628 1367 1667 xm.

68 1725 279 1803 incurrerunt,
293 1723 397 1806 ipsum
412 1720 473 1784 sibi
487 1726 619 1805 patrem,
634 1722 737 1805 ipsum
753 1719 813 1783 sibi
829 1719 942 1800 filium,
962 1721 1066 1804 ipsum
1081 1718 1142 1782 sibi
1158 1738 1230 1780 san-

69 1829 156 1891 etum
170 1825 317 1910 spiritum
333 1823 527 1888 confitentes.
563 1823 604 1886 Hi
624 1827 698 1886 sunt
713 1824 766 1906 qui
781 1827 813 1885 et
827 1821 980 1886 Praxeani
998 1821 1158 1902 dicuntur,
1178 1824 1231 1903 qui

68 1925 248 1993 habuerunt
266 1929 349 1990 iuter
368 1927 459 1989 initia
474 1925 627 1989 Praxeam
647 1924 805 2008 quendam
824 1924 993 1988 doctorem.
1030 1923 1184 1988 Dicuntur
1200 1930 1231 1987 et

68 2030 330 2112 Hermogeniani,
345 2030 418 2112 quia
432 2027 662 2109 Hermogenem
676 2025 854 2090 habuemnt
867 2027 901 2091 in
917 2024 1047 2090 Sabellii
1063 2026 1229 2090 contubor-

68 2133 131 2199 uio.
167 2131 225 2196 His
241 2133 375 2196 occurrit
389 2129 557 2195 Dosithcus
578 2131 743 2215 episcopus
759 2128 937 2211 Seleuciae,
958 2128 1074 2192 docens
1096 2149 1165 2191 eum
1181 2135 1228 2192 to·

25 2315 31 2324 ,
68 2238 134 2301 tum
148 2234 324 2298 trinitatem
339 2253 464 2317 negare,
479 2233 554 2297 dum
569 2253 603 2296 se
615 2234 761 2296 aestimat
772 2233 925 2295 unitatem
937 2230 1114 2294 defendere.
1137 2231 1230 2294 Pater

69 2338 155 2404 enim
168 2337 338 2419 ingenitus,
354 2335 436 2399 lilius
451 2337 585 2418 genitus,
601 2335 729 2420 spiritus
745 2338 873 2398 sanctus
888 2333 1061 2418 procedens
1078 2354 1117 2396 ex
1130 2338 1230 2418 patre,

69 2439 247 2524 coaequalis
262 2439 438 2523 peremnia
452 2440 535 2522 patri
550 2443 582 2500 et
597 2437 669 2502 filio.
706 2437 814 2500 Deitas
831 2439 915 2501 enim
937 2439 982 2500 sic
998 2438 1111 2522 recipit
1124 2438 1228 2498 unita·

68 2548 135 2610 tem
148 2541 355 2622 substantiae,
370 2546 406 2603 ut
420 2539 655 2605 distinctionem
669 2560 822 2626 personae
837 2561 901 2605 non
916 2538 1035 2625 perdat.

133 2643 409 2728 Quadragesimam
434 2649 465 2706 et
488 2643 659 2708 secundam
682 2642 838 2708 haeresim
861 2643 1041 2725 Origeniani
1061 2639 1229 2705 inchoave—
1248 2666 1298 2716 cup.
1312 2667 1377 2705 xiii.

69 2753 155 2830 runt,
170 2746 340 2831 aquodam
355 2745 517 2829 ¹Origene,
532 2767 595 2810 non
611 2746 663 2810 illo
679 2749 730 2831 qui
746 2747 811 2810 fere
827 2742 971 2811 omnibus
987 2749 1080 2808 notus
1096 2750 1158 2826 est,
1174 2744 1229 2809 sed

67 2850 129 2919 alio
144 2849 223 2935 Syro
239 2848 373 2934 quodam
385 2848 643 2931 sceleratissimo,
658 2850 696 2914 de
709 2870 768 2932 quo
781 2849 858 2914 dicit
867 2847 1059 2933 Epiphanius
1072 2847 1153 2931 quod
1164 2854 1230 2913 tam

68 2956 174 3040 turpia
188 2952 339 3034 decuerit,
354 2957 390 3016 ut
404 2971 462 3016 neo
479 2951 615 3017 debcant
629 2973 686 3037 per
700 2954 888 3037 scripturam
903 2950 1076 3015 adnostros
1089 2957 1229 3035 posteros

68 3056 233 3125 desfinari.

133 3158 410 3241 Quadragesimam
433 3164 465 3221 et
485 3160 611 3222 tertiam
632 3158 788 3222 haeresim
808 3156 861 3222 alii
882 3157 1061 3240 Origeniani
1083 3160 1229 3223 continuo
1248 3179 1299 3232 esp.
1313 3178 1388 3220 mur

68 3262 232 3331 subsecuti
248 3267 332 3344 sunt,
346 3267 382 3324 ut
396 3261 473 3325 dicit
486 3261 690 3346 Epiphanius,
705 3263 757 3344 qui
774 3266 806 3324 ct
819 3266 1011 3325 mortuorum
1027 3265 1229 3328 resurrectio·

67 3387 143 3433 nem
157 3369 290 3449 negant,
310 3364 425 3428 Christi
448 3370 553 3428 autern
575 3369 750 3429 creaturam
771 3384 839 3427 esse
860 3369 1004 3428 sanetum
1020 3367 1165 3450 spiritum
1181 3365 1228 3428 di·

68 3475 157 3552 cunt,
170 3468 352 3554 paradisum
367 3473 472 3532 autem
487 3474 519 3531 et
534 3466 636 3532 caelos
652 3466 816 3550 allegorice
829 3465 914 3532 dieta
925 3468 1094 3532 firmantes.
1117 3469 1156 3531 lli
1169 3469 1228 3532 duo

68 3571 248 3657 Origenes¹
252 3592 351 3656 prava
365 3591 505 3655 quaeque
521 3591 601 3656 quae
616 3573 809 3656 seripserunt
795 3569 935 3634 tthaero
914 3577 968 3636 trcr
960 3574 1010 3634 'et
1022 3591 1160 3656 perversi
1152 3570 1228 3634 do·

69 3680 294 3744 ctoresnostro
311 3673 436 3757 Origeui
452 3680 503 3738 cat
489 3672 632 3739 tholicot
618 3679 719 3738 ttarac
719 3676 779 3739 tori
793 3677 1002 3756 miscuerunt,
1022 3671 1228 3757 utadimple-

67 3784 157 3847 retur
174 3776 257 3863 quod
277 3777 354 3843 dicit
341 3784 390 3841 tur
411 3798 430 3842 a
449 3777 604 3843 domino
595 3798 629 3842 m
650 3777 835 3861 evangeliis,
854 3775 985 3843 2Νοοοο
1001 3775 1115 3842 boacca
1128 3797 1229 3840 semea

120 3998 184 4071 Cap.
195 3996 251 4053 XL.
264 3999 334 4053 -1.
346 3998 367 4051 Ι.
380 3998 494 4052 Corinth.
505 3997 576 4065 XIII
588 3998 612 4054 3

119 4068 184 4139 Gap.
196 4065 323 4122 ml-
345 4069 366 4120 1.
379 4069 454 4120 Hunc
469 4073 619 4137 scriptorem
635 4069 697 4120 duos
713 4069 889 4135 coafiaqeatem
904 4065 951 4118 ore·
968 4081 1039 4130 enee,
1056 4063 1099 4116 hic
1116 4068 1229 4148 etpoulo

63 4147 134 4222 ροσε,
145 4137 578 4206 acriterperctrinqitHueticelib.
592 4136 616 4190 I.
632 4136 780 4255 Oripeaiao
794 4154 853 4205 cup.
866 4135 925 4200 1.§.
945 4084 1140 4201 βωμοῦ,
1153 4138 1232 4201 quiet

68 4207 255 4262 ammadvertrt
265 4206 359 4257 deserte
370 4224 416 4273 oe
419 4223 475 4257 case
487 4206 516 4257 ed
528 4204 679 4268 Buroaeum,
696 4205 772 4256 sa'lmu
803 4221 921 4256 ecuucua
933 4221 979 4254 car
991 4203 1110 4270 duplex
1111 4211 1230 4270 operetur

71 4274 195 4345 Origenes
206 4277 475 4343 contepenectr'qaece
488 4275 595 4326 aduno.
609 4272 694 4339 256&
695 4272 766 4325 .XL
795 4271 835 4324 II.
861 4270 1052 4323 PoetHueticm
1067 4273 1134 4322 idem
1151 4273 1229 4322 adae-

68 4341 428 4465 mndgommmg'ffm
442 4276 729 4411 Eoel.er.eom1§,.p
743 4339 813 4403 778„
826 4339 968 4394 ethbric
982 4338 1049 4392 Beer.
1064 4339 1110 4393 Gr.
1124 4348 1179 4394 tom.
1199 4339 1227 4403 V,

64 4430 142 4534 ΜΟ
144 4429 336 4535 aHHHH-
318 4411 324 4480 s
350 4426 371 4533 l.
385 4411 583 4530 Ι1ο1α1ειοοᾶ.
595 4495 640 4531 ma.
653 4478 786 4531 moena.
770 4476 1146 4600 pravarpaaeseriptasunt
1163 4477 1228 4530 llae-

119 4546 248 4603 cita
286 4562 386 4618 prava
419 4562 520 4616 uaeque
536 4545 700 4616 scripserunt.
729 4545 898 4600 HaeretieiM
938 4545 1021 4610 liena,
1040 4555 1064 4599 et
1077 4549 1134 4601 cdd.
1151 4545 1226 4601 δῖνοι.

68 4549 198 4675 educa.
277 4615 387 4673 ‚Maon
463 4613 522 4671 .17.
