<?xml version="1.0" encoding="UTF-8"?>
<!DOCTYPE html PUBLIC "-//W3C//DTD XHTML 1.0 Transitional//EN"
    "http://www.w3.org/TR/xhtml1/DTD/xhtml1-transitional.dtd">
<html xmlns="http://www.w3.org/1999/xhtml" xml:lang="en" lang="en">
 <head>
  <title>
</title>
<meta http-equiv="Content-Type" content="text/html;charset=utf-8" />
  <meta name='ocr-system' content='tesseract 3.04.00' />
  <meta name='ocr-capabilities' content='ocr_page ocr_carea ocr_par ocr_line ocrx_word'/>
</head>
<body>
  <div class='ocr_page' id='page_1' title='image "./corporishaerese02unkngoog_0046.png"; bbox 0 0 3046 5124; ppageno 0'>
   <div class='ocr_carea' id='block_1_1' title="bbox 548 363 1297 434">
    <p class='ocr_par' dir='ltr' id='par_1_1' title="bbox 548 363 1297 434">
     <span class='ocr_line' id='line_1_1' title="bbox 548 363 1297 434; baseline 0 -27"><span class='ocrx_word' id='word_1_1' title='bbox 548 364 588 407; x_wconf 83' lang='lat' dir='ltr'><strong>uu</strong></span> <span class='ocrx_word' id='word_1_2' title='bbox 601 364 778 408; x_wconf 78' lang='lat' dir='ltr'><strong>manemus</strong></span> <span class='ocrx_word' id='word_1_3' title='bbox 791 363 884 408; x_wconf 78' lang='lat' dir='ltr'><strong>amna</strong></span> <span class='ocrx_word' id='word_1_4' title='bbox 1116 366 1119 381; x_wconf 90' lang='lat'>·</span> <span class='ocrx_word' id='word_1_5' title='bbox 1256 367 1297 434; x_wconf 60' lang='grc' dir='ltr'><em>ῃ</em></span> 
     </span>
    </p>
   </div>
   <div class='ocr_carea' id='block_1_2' title="bbox 101 520 1463 3279">
    <p class='ocr_par' dir='ltr' id='par_1_2' title="bbox 101 520 1463 3279">
     <span class='ocr_line' id='line_1_2' title="bbox 135 520 1297 606; baseline -0.003 -16"><span class='ocrx_word' id='word_1_6' title='bbox 135 527 271 590; x_wconf 72' lang='lat' dir='ltr'><strong>nasetur.</strong></span> <span class='ocrx_word' id='word_1_7' title='bbox 299 521 413 587; x_wconf 88' lang='lat' dir='ltr'><strong>Dubiis</strong></span> <span class='ocrx_word' id='word_1_8' title='bbox 429 525 462 588; x_wconf 92' lang='lat' dir='ltr'><strong>st</strong></span> <span class='ocrx_word' id='word_1_9' title='bbox 479 521 729 588; x_wconf 70' lang='lat' dir='ltr'><strong>claudicantibus</strong></span> <span class='ocrx_word' id='word_1_10' title='bbox 741 523 776 587; x_wconf 91' lang='lat' dir='ltr'><strong>iu</strong></span> <span class='ocrx_word' id='word_1_11' title='bbox 791 521 858 605; x_wconf 76' lang='lat' dir='ltr'><strong>lege</strong></span> <span class='ocrx_word' id='word_1_12' title='bbox 873 520 981 588; x_wconf 85' lang='lat' dir='ltr'><strong>divina</strong></span> <span class='ocrx_word' id='word_1_13' title='bbox 994 521 1078 606; x_wconf 89' lang='lat' dir='ltr'><strong>quod</strong></span> <span class='ocrx_word' id='word_1_14' title='bbox 1092 520 1173 587; x_wconf 75' lang='lat' dir='ltr'><strong>dixit</strong></span> <span class='ocrx_word' id='word_1_15' title='bbox 1186 521 1297 588; x_wconf 85' lang='lat' dir='ltr'><strong>beatus</strong></span> 
     </span>
     <span class='ocr_line' id='line_1_3' title="bbox 135 621 1389 707; baseline -0.001 -16"><span class='ocrx_word' id='word_1_16' title='bbox 135 625 285 691; x_wconf 82' lang='lat' dir='ltr'><strong>¹1Helias:</strong></span> <span class='ocrx_word' id='word_1_17' title='bbox 297 624 368 689; x_wconf 80' lang='lat' dir='ltr'><strong>Act</strong></span> <span class='ocrx_word' id='word_1_18' title='bbox 378 626 444 707; x_wconf 82' lang='lat' dir='ltr'><strong>deo,</strong></span> <span class='ocrx_word' id='word_1_19' title='bbox 457 625 523 707; x_wconf 79' lang='lat' dir='ltr'><strong>deo,</strong></span> <span class='ocrx_word' id='word_1_20' title='bbox 535 635 592 690; x_wconf 81' lang='lat' dir='ltr'><strong>act</strong></span> <span class='ocrx_word' id='word_1_21' title='bbox 602 624 819 707; x_wconf 65' lang='lat' dir='ltr'><strong>sacrasacra</strong></span> <span class='ocrx_word' id='word_1_22' title='bbox 839 621 904 703; x_wconf 70' lang='lat' dir='ltr'><strong>Qui</strong></span> <span class='ocrx_word' id='word_1_23' title='bbox 912 626 993 689; x_wconf 67' lang='lat' dir='ltr'><strong>ecda</strong></span> <span class='ocrx_word' id='word_1_24' title='bbox 1003 624 1153 690; x_wconf 70' lang='lat' dir='ltr'><strong>adhaeret</strong></span> <span class='ocrx_word' id='word_1_25' title='bbox 1166 623 1298 706; x_wconf 73' lang='lat' dir='ltr'><strong>caeto,</strong></span> <span class='ocrx_word' id='word_1_26' title='bbox 1387 628 1389 635; x_wconf 82' lang='lat'>&#39;</span> 
     </span>
     <span class='ocr_line' id='line_1_4' title="bbox 134 725 1298 814; baseline -0.003 -20"><span class='ocrx_word' id='word_1_27' title='bbox 134 751 233 794; x_wconf 78' lang='lat' dir='ltr'><strong>anam</strong></span> <span class='ocrx_word' id='word_1_28' title='bbox 243 749 358 814; x_wconf 78' lang='lat' dir='ltr'><strong>eorpus</strong></span> <span class='ocrx_word' id='word_1_29' title='bbox 372 725 441 809; x_wconf 63' lang='lat' dir='ltr'><strong>aad,</strong></span> <span class='ocrx_word' id='word_1_30' title='bbox 456 732 487 790; x_wconf 92' lang='lat' dir='ltr'><strong>et</strong></span> <span class='ocrx_word' id='word_1_31' title='bbox 501 729 555 812; x_wconf 91' lang='lat' dir='ltr'><strong>qui</strong></span> <span class='ocrx_word' id='word_1_32' title='bbox 568 726 728 792; x_wconf 89' lang='lat' dir='ltr'><strong>immundo</strong></span> <span class='ocrx_word' id='word_1_33' title='bbox 743 728 881 812; x_wconf 85' lang='lat' dir='ltr'><strong>spiritui,</strong></span> <span class='ocrx_word' id='word_1_34' title='bbox 896 750 978 793; x_wconf 78' lang='lat' dir='ltr'><strong>acue</strong></span> <span class='ocrx_word' id='word_1_35' title='bbox 994 748 1158 793; x_wconf 73' lang='lat' dir='ltr'><strong>commea</strong></span> <span class='ocrx_word' id='word_1_36' title='bbox 1173 738 1225 792; x_wconf 85' lang='lat' dir='ltr'><strong>est.</strong></span> <span class='ocrx_word' id='word_1_37' title='bbox 1257 726 1298 792; x_wconf 87' lang='lat' dir='ltr'><strong>Et</strong></span> 
     </span>
     <span class='ocr_line' id='line_1_5' title="bbox 133 828 1297 914; baseline -0.003 -17"><span class='ocrx_word' id='word_1_38' title='bbox 133 831 242 897; x_wconf 84' lang='lat' dir='ltr'><strong>Achab</strong></span> <span class='ocrx_word' id='word_1_39' title='bbox 257 829 507 895; x_wconf 84' lang='lat' dir='ltr'><strong>requdaeorum</strong></span> <span class='ocrx_word' id='word_1_40' title='bbox 517 850 589 894; x_wconf 92' lang='lat' dir='ltr'><strong>cum</strong></span> <span class='ocrx_word' id='word_1_41' title='bbox 600 828 740 894; x_wconf 87' lang='lat' dir='ltr'><strong>crederet</strong></span> <span class='ocrx_word' id='word_1_42' title='bbox 750 828 920 894; x_wconf 86' lang='lat' dir='ltr'><strong>Sedsohiee</strong></span> <span class='ocrx_word' id='word_1_43' title='bbox 934 835 967 894; x_wconf 90' lang='lat' dir='ltr'><strong>et</strong></span> <span class='ocrx_word' id='word_1_44' title='bbox 976 829 1046 895; x_wconf 86' lang='lat' dir='ltr'><strong>eliis</strong></span> <span class='ocrx_word' id='word_1_45' title='bbox 1059 829 1148 895; x_wconf 86' lang='lat' dir='ltr'><strong>falsis</strong></span> <span class='ocrx_word' id='word_1_46' title='bbox 1162 829 1297 914; x_wconf 91' lang='lat' dir='ltr'><strong>prophe-</strong></span> 
     </span>
     <span class='ocr_line' id='line_1_6' title="bbox 133 931 1298 1017; baseline -0.001 -20"><span class='ocrx_word' id='word_1_47' title='bbox 133 936 175 998; x_wconf 90' lang='lat' dir='ltr'><strong>tis</strong></span> <span class='ocrx_word' id='word_1_48' title='bbox 189 953 358 1016; x_wconf 89' lang='lat' dir='ltr'><strong>verumque</strong></span> <span class='ocrx_word' id='word_1_49' title='bbox 373 931 556 1017; x_wconf 87' lang='lat' dir='ltr'><strong>prophetam</strong></span> <span class='ocrx_word' id='word_1_50' title='bbox 570 931 689 998; x_wconf 89' lang='lat' dir='ltr'><strong>domiui</strong></span> <span class='ocrx_word' id='word_1_51' title='bbox 698 931 872 1000; x_wconf 86' lang='lat' dir='ltr'><strong>Michaeam</strong></span> <span class='ocrx_word' id='word_1_52' title='bbox 883 938 1113 1014; x_wconf 88' lang='lat' dir='ltr'><strong>contemneret,</strong></span> <span class='ocrx_word' id='word_1_53' title='bbox 1127 935 1298 1016; x_wconf 81' lang='lat' dir='ltr'><strong>interroget</strong></span> 
     </span>
     <span class='ocr_line' id='line_1_7' title="bbox 135 1033 1297 1120; baseline -0.001 -20"><span class='ocrx_word' id='word_1_54' title='bbox 135 1035 278 1100; x_wconf 89' lang='lat' dir='ltr'><strong>dominus</strong></span> <span class='ocrx_word' id='word_1_55' title='bbox 300 1033 670 1120; x_wconf 78' lang='lat' dir='ltr'><strong>immundum&#39;spiritum,</strong></span> <span class='ocrx_word' id='word_1_56' title='bbox 685 1033 786 1100; x_wconf 87' lang='lat' dir='ltr'><strong>adhuc</strong></span> <span class='ocrx_word' id='word_1_57' title='bbox 800 1035 950 1099; x_wconf 84' lang='lat' dir='ltr'><strong>bonitatis</strong></span> <span class='ocrx_word' id='word_1_58' title='bbox 965 1033 1054 1100; x_wconf 74' lang='lat' dir='ltr'><strong>locok</strong></span> <span class='ocrx_word' id='word_1_59' title='bbox 1067 1037 1134 1118; x_wconf 83' lang='lat' dir='ltr'><strong>regi</strong></span> <span class='ocrx_word' id='word_1_60' title='bbox 1148 1056 1297 1100; x_wconf 86' lang='lat' dir='ltr'><strong>concesso</strong></span> 
     </span>
     <span class='ocr_line' id='line_1_8' title="bbox 133 1136 1297 1222; baseline 0.001 -20"><span class='ocrx_word' id='word_1_61' title='bbox 133 1138 289 1203; x_wconf 83' lang='lat' dir='ltr'><strong>aChristo</strong></span> <span class='ocrx_word' id='word_1_62' title='bbox 313 1137 439 1202; x_wconf 92' lang='lat' dir='ltr'><strong>domino</strong></span> <span class='ocrx_word' id='word_1_63' title='bbox 459 1158 558 1221; x_wconf 89' lang='lat' dir='ltr'><strong>usque</strong></span> <span class='ocrx_word' id='word_1_64' title='bbox 580 1137 621 1203; x_wconf 89' lang='lat' dir='ltr'><strong>ad</strong></span> <span class='ocrx_word' id='word_1_65' title='bbox 641 1143 766 1222; x_wconf 86' lang='lat' dir='ltr'><strong>tempus</strong></span> <span class='ocrx_word' id='word_1_66' title='bbox 781 1136 921 1220; x_wconf 76' lang='lat' dir='ltr'>aliquod,</span> <span class='ocrx_word' id='word_1_67' title='bbox 946 1143 982 1201; x_wconf 91' lang='lat' dir='ltr'><strong>ut</strong></span> <span class='ocrx_word' id='word_1_68' title='bbox 1001 1139 1029 1202; x_wconf 92' lang='lat' dir='ltr'><strong>ei</strong></span> <span class='ocrx_word' id='word_1_69' title='bbox 1052 1136 1149 1202; x_wconf 87' lang='lat' dir='ltr'><strong>vellet</strong></span> <span class='ocrx_word' id='word_1_70' title='bbox 1170 1137 1297 1203; x_wconf 88' lang='lat' dir='ltr'><strong>credere</strong></span> 
     </span>
     <span class='ocr_line' id='line_1_9' title="bbox 133 1238 1295 1326; baseline -0.001 -21"><span class='ocrx_word' id='word_1_71' title='bbox 133 1241 302 1326; x_wconf 83' lang='lat' dir='ltr'><strong>prophetes</strong></span> <span class='ocrx_word' id='word_1_72' title='bbox 324 1260 411 1321; x_wconf 82' lang='lat' dir='ltr'><strong>vero,</strong></span> <span class='ocrx_word' id='word_1_73' title='bbox 433 1239 602 1324; x_wconf 82' lang='lat' dir='ltr'><strong>procellam</strong></span> <span class='ocrx_word' id='word_1_74' title='bbox 623 1239 754 1324; x_wconf 88' lang='lat' dir='ltr'><strong>periculi</strong></span> <span class='ocrx_word' id='word_1_75' title='bbox 776 1239 943 1323; x_wconf 71' lang='lat' dir='ltr'><strong>devitaret,</strong></span> <span class='ocrx_word' id='word_1_76' title='bbox 965 1241 993 1304; x_wconf 93' lang='lat' dir='ltr'><strong>ei</strong></span> <span class='ocrx_word' id='word_1_77' title='bbox 1014 1238 1113 1305; x_wconf 88' lang='lat' dir='ltr'><strong>nollet</strong></span> <span class='ocrx_word' id='word_1_78' title='bbox 1133 1243 1295 1325; x_wconf 78' lang='lat' dir='ltr'><strong>magisque</strong></span> 
     </span>
     <span class='ocr_line' id='line_1_10' title="bbox 134 1341 1298 1428; baseline -0.001 -19"><span class='ocrx_word' id='word_1_79' title='bbox 134 1342 276 1409; x_wconf 87' lang='lat' dir='ltr'><strong>crederet</strong></span> <span class='ocrx_word' id='word_1_80' title='bbox 285 1341 580 1428; x_wconf 83' lang='lat' dir='ltr'><strong>pseudoprophetis,</strong></span> <span class='ocrx_word' id='word_1_81' title='bbox 595 1348 663 1407; x_wconf 87' lang='lat' dir='ltr'><strong>sine</strong></span> <span class='ocrx_word' id='word_1_82' title='bbox 675 1342 769 1408; x_wconf 92' lang='lat' dir='ltr'><strong>dubio</strong></span> <span class='ocrx_word' id='word_1_83' title='bbox 782 1342 945 1428; x_wconf 88' lang='lat' dir='ltr'><strong>deperiret</strong></span> <span class='ocrx_word' id='word_1_84' title='bbox 967 1342 1017 1407; x_wconf 84' lang='lat' dir='ltr'><strong>Ita</strong></span> <span class='ocrx_word' id='word_1_85' title='bbox 1030 1345 1115 1408; x_wconf 89' lang='lat' dir='ltr'><strong>euim</strong></span> <span class='ocrx_word' id='word_1_86' title='bbox 1129 1343 1298 1426; x_wconf 82' lang='lat' dir='ltr'><strong>interrogat</strong></span> 
     </span>
     <span class='ocr_line' id='line_1_11' title="bbox 135 1442 1296 1530; baseline 0 -20"><span class='ocrx_word' id='word_1_87' title='bbox 135 1444 290 1510; x_wconf 87' lang='lat' dir='ltr'><strong>dominus¹</strong></span> <span class='ocrx_word' id='word_1_88' title='bbox 311 1444 508 1511; x_wconf 90' lang='lat' dir='ltr'><strong>immundum</strong></span> <span class='ocrx_word' id='word_1_89' title='bbox 521 1447 682 1530; x_wconf 87' lang='lat' dir='ltr'><strong>spiritum,</strong></span> <span class='ocrx_word' id='word_1_90' title='bbox 696 1444 818 1510; x_wconf 88' lang='lat' dir='ltr'><strong>diceus:</strong></span> <span class='ocrx_word' id='word_1_91' title='bbox 838 1442 916 1524; x_wconf 76' lang='lat' dir='ltr'><strong>Quis</strong></span> <span class='ocrx_word' id='word_1_92' title='bbox 929 1446 1055 1510; x_wconf 76' lang='lat' dir='ltr'><strong>seducet</strong></span> <span class='ocrx_word' id='word_1_93' title='bbox 1067 1467 1170 1530; x_wconf 76' lang='lat' dir='ltr'><strong>sepem</strong></span> <span class='ocrx_word' id='word_1_94' title='bbox 1182 1443 1296 1514; x_wconf 71' lang='lat' dir='ltr'><strong>Actae</strong></span> 
     </span>
     <span class='ocr_line' id='line_1_12' title="bbox 133 1546 1296 1635; baseline 0.001 -23"><span class='ocrx_word' id='word_1_95' title='bbox 133 1546 366 1631; x_wconf 70' lang='lat' dir='ltr'><strong>Ieradle&#39;taraoa,</strong></span> <span class='ocrx_word' id='word_1_96' title='bbox 380 1558 417 1614; x_wconf 82' lang='lat' dir='ltr'><strong>at</strong></span> <span class='ocrx_word' id='word_1_97' title='bbox 428 1549 528 1614; x_wconf 81' lang='lat' dir='ltr'><strong>eadat</strong></span> <span class='ocrx_word' id='word_1_98' title='bbox 539 1550 576 1612; x_wconf 81' lang='grc' dir='ltr'><strong>ιἰι</strong></span> <span class='ocrx_word' id='word_1_99' title='bbox 584 1569 729 1635; x_wconf 62' lang='lat' dir='ltr'><strong>pequam</strong></span> <span class='ocrx_word' id='word_1_100' title='bbox 742 1559 771 1614; x_wconf 82' lang='lat' dir='ltr'><strong>et</strong></span> <span class='ocrx_word' id='word_1_101' title='bbox 783 1547 1010 1631; x_wconf 75' lang='lat' dir='ltr'><strong>interficiatur?</strong></span> <span class='ocrx_word' id='word_1_102' title='bbox 1023 1547 1068 1612; x_wconf 79' lang='lat' dir='ltr'><strong>Et</strong></span> <span class='ocrx_word' id='word_1_103' title='bbox 1082 1569 1150 1612; x_wconf 84' lang='lat' dir='ltr'><strong>ecee</strong></span> <span class='ocrx_word' id='word_1_104' title='bbox 1162 1550 1296 1614; x_wconf 79' lang='lat' dir='ltr'><strong>immua-</strong></span> 
     </span>
     <span class='ocr_line' id='line_1_13' title="bbox 134 1648 1296 1737; baseline 0.001 -22"><span class='ocrx_word' id='word_1_105' title='bbox 134 1652 193 1716; x_wconf 84' lang='lat' dir='ltr'><strong>dae</strong></span> <span class='ocrx_word' id='word_1_106' title='bbox 207 1652 337 1737; x_wconf 80' lang='lat' dir='ltr'><strong>spiritus</strong></span> <span class='ocrx_word' id='word_1_107' title='bbox 352 1652 478 1716; x_wconf 77' lang='lat' dir='ltr'><strong>advenit</strong></span> <span class='ocrx_word' id='word_1_108' title='bbox 492 1652 612 1716; x_wconf 76' lang='lat' dir='ltr'><strong>diceres:</strong></span> <span class='ocrx_word' id='word_1_109' title='bbox 625 1649 696 1736; x_wconf 66' lang='lat' dir='ltr'><strong>Epo</strong></span> <span class='ocrx_word' id='word_1_110' title='bbox 710 1652 827 1716; x_wconf 82' lang='lat' dir='ltr'><strong>eadam</strong></span> <span class='ocrx_word' id='word_1_111' title='bbox 840 1650 1010 1735; x_wconf 75' lang='lat' dir='ltr'><strong>etfaciam.</strong></span> <span class='ocrx_word' id='word_1_112' title='bbox 1033 1648 1078 1714; x_wconf 76' lang='lat' dir='ltr'><strong>Er</strong></span> <span class='ocrx_word' id='word_1_113' title='bbox 1092 1651 1139 1714; x_wconf 80' lang='lat' dir='ltr'><strong>ait</strong></span> <span class='ocrx_word' id='word_1_114' title='bbox 1153 1651 1296 1716; x_wconf 74' lang='lat' dir='ltr'><strong>darciaco</strong></span> 
     </span>
     <span class='ocr_line' id='line_1_14' title="bbox 133 1751 1297 1840; baseline 0.001 -22"><span class='ocrx_word' id='word_1_115' title='bbox 133 1755 178 1818; x_wconf 85' lang='lat' dir='ltr'><strong>ad</strong></span> <span class='ocrx_word' id='word_1_116' title='bbox 202 1754 396 1832; x_wconf 78' lang='lat' dir='ltr'><strong>immaadeaa</strong></span> <span class='ocrx_word' id='word_1_117' title='bbox 416 1755 576 1840; x_wconf 75' lang='lat' dir='ltr'><strong>spiritam,</strong></span> <span class='ocrx_word' id='word_1_118' title='bbox 605 1754 759 1839; x_wconf 79' lang='lat' dir='ltr'><strong>qaorcodc</strong></span> <span class='ocrx_word' id='word_1_119' title='bbox 785 1753 823 1818; x_wconf 82' lang='lat' dir='ltr'><strong>id</strong></span> <span class='ocrx_word' id='word_1_120' title='bbox 833 1753 959 1839; x_wconf 77' lang='lat' dir='ltr'><strong>facies?</strong></span> <span class='ocrx_word' id='word_1_121' title='bbox 986 1751 1032 1817; x_wconf 82' lang='lat' dir='ltr'><strong>Et</strong></span> <span class='ocrx_word' id='word_1_122' title='bbox 1052 1753 1100 1816; x_wconf 87' lang='lat' dir='ltr'><strong>ait</strong></span> <span class='ocrx_word' id='word_1_123' title='bbox 1118 1754 1297 1818; x_wconf 75' lang='lat' dir='ltr'><strong>inscendas</strong></span> 
     </span>
     <span class='ocr_line' id='line_1_15' title="bbox 132 1854 1297 1942; baseline 0 -22"><span class='ocrx_word' id='word_1_124' title='bbox 132 1857 263 1942; x_wconf 71' lang='lat' dir='ltr'><strong>apiriam</strong></span> <span class='ocrx_word' id='word_1_125' title='bbox 284 1857 329 1921; x_wconf 87' lang='lat' dir='ltr'><strong>ad</strong></span> <span class='ocrx_word' id='word_1_126' title='bbox 348 1857 523 1920; x_wconf 78' lang='lat' dir='ltr'><strong>dominam:</strong></span> <span class='ocrx_word' id='word_1_127' title='bbox 543 1854 678 1920; x_wconf 81' lang='lat' dir='ltr'><strong>Faciam</strong></span> <span class='ocrx_word' id='word_1_128' title='bbox 694 1877 742 1921; x_wconf 84' lang='lat' dir='ltr'><strong>me</strong></span> <span class='ocrx_word' id='word_1_129' title='bbox 763 1857 859 1942; x_wconf 83' lang='lat' dir='ltr'><strong>qaaee&#39;</strong></span> <span class='ocrx_word' id='word_1_130' title='bbox 874 1855 1020 1940; x_wconf 74' lang='lat' dir='ltr'><strong>aspolam</strong></span> <span class='ocrx_word' id='word_1_131' title='bbox 1033 1855 1138 1919; x_wconf 79' lang='lat' dir='ltr'><strong>lacism</strong></span> <span class='ocrx_word' id='word_1_132' title='bbox 1159 1866 1187 1920; x_wconf 81' lang='lat' dir='ltr'><strong>et</strong></span> <span class='ocrx_word' id='word_1_133' title='bbox 1200 1854 1297 1921; x_wconf 82' lang='lat' dir='ltr'><strong>verba</strong></span> 
     </span>
     <span class='ocr_line' id='line_1_16' title="bbox 131 1955 1297 2054; baseline -0.001 -32"><span class='ocrx_word' id='word_1_134' title='bbox 131 1960 247 2022; x_wconf 79' lang='lat' dir='ltr'><strong>cimilia</strong></span> <span class='ocrx_word' id='word_1_135' title='bbox 272 1959 415 2045; x_wconf 80' lang='lat' dir='ltr'><strong>eloquar,</strong></span> <span class='ocrx_word' id='word_1_136' title='bbox 448 1968 477 2023; x_wconf 87' lang='lat' dir='ltr'><strong>et</strong></span> <span class='ocrx_word' id='word_1_137' title='bbox 509 1959 622 2023; x_wconf 80' lang='lat' dir='ltr'><strong>ducam</strong></span> <span class='ocrx_word' id='word_1_138' title='bbox 647 1980 717 2026; x_wconf 84' lang='lat' dir='ltr'><strong>eam</strong></span> <span class='ocrx_word' id='word_1_139' title='bbox 745 1961 794 2023; x_wconf 81' lang='lat' dir='ltr'><strong>ia·</strong></span> <span class='ocrx_word' id='word_1_140' title='bbox 804 1959 979 2045; x_wconf 77' lang='lat' dir='ltr'><strong>praelium,</strong></span> <span class='ocrx_word' id='word_1_141' title='bbox 1005 1955 1128 2045; x_wconf 70' lang='lat' dir='ltr'><strong>”arpa</strong></span> <span class='ocrx_word' id='word_1_142' title='bbox 1154 1957 1202 2054; x_wconf 71' lang='lat' dir='ltr'><strong>ibi</strong></span> <span class='ocrx_word' id='word_1_143' title='bbox 1226 1980 1297 2024; x_wconf 84' lang='lat' dir='ltr'><strong>eam</strong></span> 
     </span>
     <span class='ocr_line' id='line_1_17' title="bbox 121 2059 1297 2143; baseline 0.001 -18"><span class='ocrx_word' id='word_1_144' title='bbox 121 2062 286 2143; x_wconf 56' lang='lat' dir='ltr'><strong>&#39;desem</strong></span> <span class='ocrx_word' id='word_1_145' title='bbox 316 2071 345 2125; x_wconf 84' lang='lat' dir='ltr'><strong>et</strong></span> <span class='ocrx_word' id='word_1_146' title='bbox 371 2063 417 2126; x_wconf 83' lang='lat' dir='ltr'><strong>sic</strong></span> <span class='ocrx_word' id='word_1_147' title='bbox 443 2063 603 2129; x_wconf 68' lang='lat' dir='ltr'><strong>meriaco.</strong></span> <span class='ocrx_word' id='word_1_148' title='bbox 646 2061 691 2125; x_wconf 84' lang='lat' dir='ltr'><strong>Et</strong></span> <span class='ocrx_word' id='word_1_149' title='bbox 712 2064 759 2126; x_wconf 79' lang='lat' dir='ltr'><strong>ait</strong></span> <span class='ocrx_word' id='word_1_150' title='bbox 780 2062 922 2126; x_wconf 63' lang='lat' dir='ltr'><strong>decenae</strong></span> <span class='ocrx_word' id='word_1_151' title='bbox 944 2061 990 2125; x_wconf 87' lang='lat' dir='ltr'><strong>ad</strong></span> <span class='ocrx_word' id='word_1_152' title='bbox 1009 2082 1095 2126; x_wconf 85' lang='lat' dir='ltr'><strong>eam:</strong></span> <span class='ocrx_word' id='word_1_153' title='bbox 1123 2059 1223 2142; x_wconf 82' lang='lat' dir='ltr'><strong>Vade,</strong></span> <span class='ocrx_word' id='word_1_154' title='bbox 1250 2063 1297 2126; x_wconf 84' lang='lat' dir='ltr'><strong>sic</strong></span> 
     </span>
     <span class='ocr_line' id='line_1_18' title="bbox 101 2162 1301 2249; baseline -0.001 -21"><span class='ocrx_word' id='word_1_155' title='bbox 101 2192 105 2196; x_wconf 92' lang='grc'><em>·</em></span> <span class='ocrx_word' id='word_1_156' title='bbox 123 2163 240 2249; x_wconf 80' lang='lat' dir='ltr'><strong>facies.</strong></span> <span class='ocrx_word' id='word_1_157' title='bbox 267 2163 401 2248; x_wconf 81' lang='lat' dir='ltr'><strong>ideoque</strong></span> <span class='ocrx_word' id='word_1_158' title='bbox 421 2170 452 2227; x_wconf 88' lang='lat' dir='ltr'><strong>et</strong></span> <span class='ocrx_word' id='word_1_159' title='bbox 468 2163 646 2249; x_wconf 85' lang='lat' dir='ltr'><strong>apostolus¹¹</strong></span> <span class='ocrx_word' id='word_1_160' title='bbox 666 2166 725 2228; x_wconf 86' lang='lat' dir='ltr'><strong>ait:</strong></span> <span class='ocrx_word' id='word_1_161' title='bbox 745 2162 822 2228; x_wconf 81' lang='lat' dir='ltr'><strong>Noa</strong></span> <span class='ocrx_word' id='word_1_162' title='bbox 836 2185 986 2248; x_wconf 75' lang='lat' dir='ltr'><strong>mapsam</strong></span> <span class='ocrx_word' id='word_1_163' title='bbox 1003 2173 1060 2243; x_wconf 81' lang='lat' dir='ltr'><strong>est,</strong></span> <span class='ocrx_word' id='word_1_164' title='bbox 1082 2165 1113 2226; x_wconf 81' lang='lat' dir='ltr'><strong>oi</strong></span> <span class='ocrx_word' id='word_1_165' title='bbox 1125 2174 1155 2226; x_wconf 84' lang='lat' dir='ltr'><strong>et</strong></span> <span class='ocrx_word' id='word_1_166' title='bbox 1167 2173 1301 2227; x_wconf 79' lang='lat' dir='ltr'><strong>satanae</strong></span> 
     </span>
     <span class='ocr_line' id='line_1_19' title="bbox 132 2265 1296 2352; baseline -0.001 -22"><span class='ocrx_word' id='word_1_167' title='bbox 132 2266 334 2352; x_wconf 73' lang='lat' dir='ltr'><strong>traaefiparet</strong></span> <span class='ocrx_word' id='word_1_168' title='bbox 352 2289 384 2331; x_wconf 82' lang='lat' dir='ltr'><strong>oe</strong></span> <span class='ocrx_word' id='word_1_169' title='bbox 403 2268 487 2332; x_wconf 83' lang='lat' dir='ltr'><strong>uelat</strong></span> <span class='ocrx_word' id='word_1_170' title='bbox 504 2268 539 2330; x_wconf 83' lang='lat' dir='ltr'><strong>e&#39;a</strong></span> <span class='ocrx_word' id='word_1_171' title='bbox 554 2266 699 2352; x_wconf 72' lang='lat' dir='ltr'><strong>aspolam</strong></span> <span class='ocrx_word' id='word_1_172' title='bbox 719 2266 812 2347; x_wconf 73' lang='lat' dir='ltr'><strong>laces,</strong></span> <span class='ocrx_word' id='word_1_173' title='bbox 833 2287 904 2332; x_wconf 85' lang='lat' dir='ltr'><strong>cam</strong></span> <span class='ocrx_word' id='word_1_174' title='bbox 917 2267 1017 2351; x_wconf 71' lang='lat' dir='ltr'><strong>opsloe</strong></span> <span class='ocrx_word' id='word_1_175' title='bbox 1031 2265 1177 2331; x_wconf 76' lang='lat' dir='ltr'><strong>satellites</strong></span> <span class='ocrx_word' id='word_1_176' title='bbox 1192 2275 1296 2329; x_wconf 69' lang='lat' dir='ltr'><strong>traca</strong></span> 
     </span>
     <span class='ocr_line' id='line_1_20' title="bbox 123 2367 1296 2455; baseline 0.001 -24"><span class='ocrx_word' id='word_1_177' title='bbox 123 2369 320 2455; x_wconf 74' lang='lat' dir='ltr'><strong>fiparaotar.</strong></span> <span class='ocrx_word' id='word_1_178' title='bbox 342 2367 383 2432; x_wconf 77' lang='lat' dir='ltr'><strong>ut</strong></span> <span class='ocrx_word' id='word_1_179' title='bbox 395 2370 441 2434; x_wconf 88' lang='lat' dir='ltr'><strong>ita</strong></span> <span class='ocrx_word' id='word_1_180' title='bbox 463 2368 624 2454; x_wconf 88' lang='lat' dir='ltr'><strong>decipiunt</strong></span> <span class='ocrx_word' id='word_1_181' title='bbox 644 2368 760 2433; x_wconf 90' lang='lat' dir='ltr'><strong>multos</strong></span> <span class='ocrx_word' id='word_1_182' title='bbox 781 2370 867 2448; x_wconf 84' lang='lat' dir='ltr'><strong>visu,</strong></span> <span class='ocrx_word' id='word_1_183' title='bbox 888 2367 984 2433; x_wconf 89' lang='lat' dir='ltr'><strong>verbo</strong></span> <span class='ocrx_word' id='word_1_184' title='bbox 1006 2371 1062 2431; x_wconf 85' lang='lat' dir='ltr'><strong>sut</strong></span> <span class='ocrx_word' id='word_1_185' title='bbox 1073 2369 1296 2452; x_wconf 81' lang='lat' dir='ltr'><strong>persuasione⁰</strong></span> 
     </span>
     <span class='ocr_line' id='line_1_21' title="bbox 131 2468 1295 2564; baseline 0.002 -30"><span class='ocrx_word' id='word_1_186' title='bbox 131 2491 195 2535; x_wconf 91' lang='lat' dir='ltr'><strong>non</strong></span> <span class='ocrx_word' id='word_1_187' title='bbox 216 2470 343 2534; x_wconf 85' lang='lat' dir='ltr'><strong>ulterius</strong></span> <span class='ocrx_word' id='word_1_188' title='bbox 364 2472 446 2553; x_wconf 69' lang='lat' dir='ltr'><strong>rein,</strong></span> <span class='ocrx_word' id='word_1_189' title='bbox 468 2473 582 2557; x_wconf 87' lang='lat' dir='ltr'><strong>quippe</strong></span> <span class='ocrx_word' id='word_1_190' title='bbox 603 2473 675 2535; x_wconf 86' lang='lat' dir='ltr'><strong>visu</strong></span> <span class='ocrx_word' id='word_1_191' title='bbox 689 2472 778 2554; x_wconf 85' lang='lat' dir='ltr'><strong>quasi</strong></span> <span class='ocrx_word' id='word_1_192' title='bbox 799 2468 992 2553; x_wconf 73' lang='lat' dir='ltr'><strong>verisimilis,</strong></span> <span class='ocrx_word' id='word_1_193' title='bbox 1013 2474 1066 2552; x_wconf 89' lang='lat' dir='ltr'><strong>ut,</strong></span> <span class='ocrx_word' id='word_1_194' title='bbox 1096 2489 1168 2536; x_wconf 90' lang='lat' dir='ltr'><strong>eum</strong></span> <span class='ocrx_word' id='word_1_195' title='bbox 1183 2470 1295 2564; x_wconf 35' lang='lat' dir='ltr'><strong>&#39;verbis</strong></span> 
     </span>
     <span class='ocr_line' id='line_1_22' title="bbox 130 2571 1294 2660; baseline 0.001 -22"><span class='ocrx_word' id='word_1_196' title='bbox 130 2573 228 2638; x_wconf 85' lang='lat' dir='ltr'><strong>veluti</strong></span> <span class='ocrx_word' id='word_1_197' title='bbox 242 2571 398 2637; x_wconf 81' lang='lat' dir='ltr'><strong>similibus</strong></span> <span class='ocrx_word' id='word_1_198' title='bbox 413 2579 445 2637; x_wconf 93' lang='lat' dir='ltr'><strong>et</strong></span> <span class='ocrx_word' id='word_1_199' title='bbox 458 2573 578 2638; x_wconf 84' lang='lat' dir='ltr'><strong>visibus</strong></span> <span class='ocrx_word' id='word_1_200' title='bbox 595 2576 682 2658; x_wconf 85' lang='lat' dir='ltr'><strong>quasi</strong></span> <span class='ocrx_word' id='word_1_201' title='bbox 703 2573 794 2638; x_wconf 87' lang='lat' dir='ltr'><strong>bonis</strong></span> <span class='ocrx_word' id='word_1_202' title='bbox 808 2579 841 2637; x_wconf 90' lang='lat' dir='ltr'><strong>et</strong></span> <span class='ocrx_word' id='word_1_203' title='bbox 854 2593 919 2637; x_wconf 91' lang='lat' dir='ltr'><strong>nou</strong></span> <span class='ocrx_word' id='word_1_204' title='bbox 932 2571 1024 2637; x_wconf 87' lang='lat' dir='ltr'><strong>malis</strong></span> <span class='ocrx_word' id='word_1_205' title='bbox 1038 2575 1072 2637; x_wconf 93' lang='lat' dir='ltr'><strong>in</strong></span> <span class='ocrx_word' id='word_1_206' title='bbox 1087 2578 1225 2660; x_wconf 86' lang='lat' dir='ltr'><strong>tempore</strong></span> <span class='ocrx_word' id='word_1_207' title='bbox 1239 2595 1294 2639; x_wconf 84' lang='lat' dir='ltr'><strong>vo-</strong></span> 
     </span>
     <span class='ocr_line' id='line_1_23' title="bbox 130 2664 1393 2760; baseline 0.001 -19"><span class='ocrx_word' id='word_1_208' title='bbox 130 2676 200 2741; x_wconf 87' lang='lat' dir='ltr'><strong>lunt</strong></span> <span class='ocrx_word' id='word_1_209' title='bbox 211 2675 336 2740; x_wconf 88' lang='lat' dir='ltr'><strong>credere</strong></span> <span class='ocrx_word' id='word_1_210' title='bbox 347 2681 440 2760; x_wconf 83' lang='lat' dir='ltr'><strong>atquo</strong></span> <span class='ocrx_word' id='word_1_211' title='bbox 453 2677 498 2741; x_wconf 92' lang='lat' dir='ltr'><strong>eis</strong></span> <span class='ocrx_word' id='word_1_212' title='bbox 509 2675 671 2742; x_wconf 87' lang='lat' dir='ltr'><strong>inhaerere</strong></span> <span class='ocrx_word' id='word_1_213' title='bbox 682 2676 836 2759; x_wconf 84' lang='lat' dir='ltr'><strong>hominos²</strong></span> <span class='ocrx_word' id='word_1_214' title='bbox 847 2675 1062 2742; x_wconf 80' lang='lat' dir='ltr'><strong>inevitabilem</strong></span> <span class='ocrx_word' id='word_1_215' title='bbox 1071 2678 1182 2744; x_wconf 90' lang='lat' dir='ltr'><strong>mortis</strong></span> <span class='ocrx_word' id='word_1_216' title='bbox 1194 2683 1294 2745; x_wconf 86' lang='lat' dir='ltr'><strong>aeter-</strong></span> <span class='ocrx_word' id='word_1_217' title='bbox 1391 2664 1393 2678; x_wconf 82' lang='lat'>&#39;</span> 
     </span>
     <span class='ocr_line' id='line_1_24' title="bbox 131 2779 1295 2868; baseline 0.002 -25"><span class='ocrx_word' id='word_1_218' title='bbox 131 2800 190 2843; x_wconf 85' lang='lat' dir='ltr'><strong>neo</strong></span> <span class='ocrx_word' id='word_1_219' title='bbox 205 2781 366 2844; x_wconf 88' lang='lat' dir='ltr'><strong>incurrant</strong></span> <span class='ocrx_word' id='word_1_220' title='bbox 385 2781 588 2862; x_wconf 86' lang='lat' dir='ltr'><strong>seutentiam,</strong></span> <span class='ocrx_word' id='word_1_221' title='bbox 608 2779 802 2864; x_wconf 84' lang='lat' dir='ltr'><strong>diversisque</strong></span> <span class='ocrx_word' id='word_1_222' title='bbox 816 2785 888 2865; x_wconf 89' lang='lat' dir='ltr'><strong>poet</strong></span> <span class='ocrx_word' id='word_1_223' title='bbox 902 2781 1021 2843; x_wconf 81' lang='lat' dir='ltr'><strong>exitum</strong></span> <span class='ocrx_word' id='word_1_224' title='bbox 1035 2782 1172 2864; x_wconf 87' lang='lat' dir='ltr'><strong>corporis</strong></span> <span class='ocrx_word' id='word_1_225' title='bbox 1185 2782 1295 2868; x_wconf 88' lang='lat' dir='ltr'><strong>poenis</strong></span> 
     </span>
     <span class='ocr_line' id='line_1_25' title="bbox 131 2881 1294 2968; baseline 0.003 -23"><span class='ocrx_word' id='word_1_226' title='bbox 131 2888 163 2946; x_wconf 91' lang='lat' dir='ltr'><strong>et</strong></span> <span class='ocrx_word' id='word_1_227' title='bbox 177 2881 366 2959; x_wconf 85' lang='lat' dir='ltr'><strong>cruciatibus</strong></span> <span class='ocrx_word' id='word_1_228' title='bbox 380 2882 630 2967; x_wconf 85' lang='lat' dir='ltr'><strong>pessumdentur.</strong></span> <span class='ocrx_word' id='word_1_229' title='bbox 659 2883 748 2962; x_wconf 84' lang='lat' dir='ltr'><strong>Quod</strong></span> <span class='ocrx_word' id='word_1_230' title='bbox 763 2887 795 2949; x_wconf 90' lang='lat' dir='ltr'><strong>et</strong></span> <span class='ocrx_word' id='word_1_231' title='bbox 808 2884 875 2966; x_wconf 86' lang='lat' dir='ltr'><strong>regi</strong></span> <span class='ocrx_word' id='word_1_232' title='bbox 887 2881 1073 2949; x_wconf 89' lang='lat' dir='ltr'><strong>Iudaeorum</strong></span> <span class='ocrx_word' id='word_1_233' title='bbox 1087 2881 1139 2949; x_wconf 92' lang='lat' dir='ltr'><strong>illo</strong></span> <span class='ocrx_word' id='word_1_234' title='bbox 1155 2887 1294 2968; x_wconf 89' lang='lat' dir='ltr'><strong>temporo</strong></span> 
     </span>
     <span class='ocr_line' id='line_1_26' title="bbox 130 2977 1295 3073; baseline 0.003 -24"><span class='ocrx_word' id='word_1_235' title='bbox 130 2985 305 3071; x_wconf 92' lang='lat' dir='ltr'><strong>periculum</strong></span> <span class='ocrx_word' id='word_1_236' title='bbox 319 2988 515 3070; x_wconf 81' lang='lat' dir='ltr'><strong>supervenit,</strong></span> <span class='ocrx_word' id='word_1_237' title='bbox 535 2977 618 3071; x_wconf 88' lang='lat' dir='ltr'><strong>quod</strong></span> <span class='ocrx_word' id='word_1_238' title='bbox 637 2985 726 3050; x_wconf 82' lang='lat' dir='ltr'><strong>falsis</strong></span> <span class='ocrx_word' id='word_1_239' title='bbox 747 2987 848 3070; x_wconf 86' lang='lat' dir='ltr'><strong>magis</strong></span> <span class='ocrx_word' id='word_1_240' title='bbox 863 3006 958 3071; x_wconf 85' lang='lat' dir='ltr'><strong>quam</strong></span> <span class='ocrx_word' id='word_1_241' title='bbox 970 2987 1053 3050; x_wconf 87' lang='lat' dir='ltr'><strong>veris</strong></span> <span class='ocrx_word' id='word_1_242' title='bbox 1069 2985 1121 3050; x_wconf 90' lang='lat' dir='ltr'><strong>dei</strong></span> <span class='ocrx_word' id='word_1_243' title='bbox 1133 2982 1295 3073; x_wconf 90' lang='lat' dir='ltr'><strong>prophetis</strong></span> 
     </span>
     <span class='ocr_line' id='line_1_27' title="bbox 130 3087 1064 3154; baseline -0.007 0"><span class='ocrx_word' id='word_1_244' title='bbox 130 3089 256 3154; x_wconf 87' lang='lat' dir='ltr'><strong>credere</strong></span> <span class='ocrx_word' id='word_1_245' title='bbox 271 3087 444 3153; x_wconf 79' lang='lat' dir='ltr'><strong>maluisset.</strong></span> <span class='ocrx_word' id='word_1_246' title='bbox 1062 3140 1064 3147; x_wconf 93' lang='lat'><em>.</em></span> 
     </span>
     <span class='ocr_line' id='line_1_28' title="bbox 212 3189 1463 3279; baseline 0.006 -23"><span class='ocrx_word' id='word_1_247' title='bbox 212 3190 270 3257; x_wconf 85' lang='lat' dir='ltr'><strong>Est</strong></span> <span class='ocrx_word' id='word_1_248' title='bbox 279 3190 418 3255; x_wconf 86' lang='lat' dir='ltr'><strong>haeresis</strong></span> <span class='ocrx_word' id='word_1_249' title='bbox 430 3191 597 3256; x_wconf 86' lang='lat' dir='ltr'><strong>inludeeie</strong></span> <span class='ocrx_word' id='word_1_250' title='bbox 613 3191 709 3276; x_wconf 86' lang='lat' dir='ltr'><strong>¹quae</strong></span> <span class='ocrx_word' id='word_1_251' title='bbox 724 3189 880 3278; x_wconf 62' lang='lat' dir='ltr'><strong>{sisteret</strong></span> <span class='ocrx_word' id='word_1_252' title='bbox 894 3190 1079 3259; x_wconf 84' lang='lat' dir='ltr'><strong>³Astaroth⁸</strong></span> <span class='ocrx_word' id='word_1_253' title='bbox 1089 3196 1163 3278; x_wconf 90' lang='lat' dir='ltr'><strong>post</strong></span> <span class='ocrx_word' id='word_1_254' title='bbox 1175 3190 1293 3279; x_wconf 74' lang='lat' dir='ltr'><strong>‘Moysi</strong></span> <span class='ocrx_word' id='word_1_255' title='bbox 1311 3220 1360 3272; x_wconf 68' lang='lat' dir='ltr'><strong>cap.</strong></span> <span class='ocrx_word' id='word_1_256' title='bbox 1378 3221 1463 3263; x_wconf 78' lang='lat' dir='ltr'><strong>xxvu.</strong></span> 
     </span>
    </p>
   </div>
   <div class='ocr_carea' id='block_1_3' title="bbox 197 3359 526 3414">
    <p class='ocr_par' dir='ltr' id='par_1_3' title="bbox 197 3359 526 3414">
     <span class='ocr_line' id='line_1_29' title="bbox 197 3359 526 3414; baseline 0 -1"><span class='ocrx_word' id='word_1_257' title='bbox 197 3361 236 3414; x_wconf 92' lang='lat' dir='ltr'><strong>ll.</strong></span> <span class='ocrx_word' id='word_1_258' title='bbox 253 3359 324 3414; x_wconf 80' lang='lat' dir='ltr'><strong>Elias</strong></span> <span class='ocrx_word' id='word_1_259' title='bbox 343 3360 365 3412; x_wconf 83' lang='lat' dir='ltr'><strong>b.</strong></span> <span class='ocrx_word' id='word_1_260' title='bbox 402 3359 440 3413; x_wconf 76' lang='lat'><strong>12.</strong></span> <span class='ocrx_word' id='word_1_261' title='bbox 459 3364 486 3414; x_wconf 88' lang='lat' dir='ltr'><strong>et</strong></span> <span class='ocrx_word' id='word_1_262' title='bbox 503 3361 526 3413; x_wconf 81' lang='grc' dir='ltr'><strong>ὁ.</strong></span> 
     </span>
    </p>
   </div>
   <div class='ocr_carea' id='block_1_4' title="bbox 196 3427 1293 3554">
    <p class='ocr_par' dir='ltr' id='par_1_4' title="bbox 196 3427 1293 3554">
     <span class='ocr_line' id='line_1_30' title="bbox 196 3427 1293 3554; baseline 0.002 -71"><span class='ocrx_word' id='word_1_263' title='bbox 196 3428 258 3501; x_wconf 81' lang='lat' dir='ltr'><strong>Cap.</strong></span> <span class='ocrx_word' id='word_1_264' title='bbox 269 3427 379 3483; x_wconf 76' lang='lat' dir='ltr'><strong>xxvu</strong></span> <span class='ocrx_word' id='word_1_265' title='bbox 391 3432 419 3480; x_wconf 79' lang='lat' dir='ltr'><strong>in</strong></span> <span class='ocrx_word' id='word_1_266' title='bbox 431 3429 487 3481; x_wconf 84' lang='lat' dir='ltr'><strong>ode.</strong></span> <span class='ocrx_word' id='word_1_267' title='bbox 503 3433 653 3499; x_wconf 71' lang='lat' dir='ltr'><strong>incomptam</strong></span> <span class='ocrx_word' id='word_1_268' title='bbox 670 3429 747 3483; x_wconf 83' lang='lat' dir='ltr'><strong>labet</strong></span> <span class='ocrx_word' id='word_1_269' title='bbox 760 3428 802 3483; x_wconf 83' lang='lat' dir='ltr'><strong>Dr</strong></span> <span class='ocrx_word' id='word_1_270' title='bbox 819 3445 903 3484; x_wconf 76' lang='lat' dir='ltr'><strong>aaran</strong></span> <span class='ocrx_word' id='word_1_271' title='bbox 915 3427 923 3500; x_wconf 82' lang='grc'><strong>(</strong></span> <span class='ocrx_word' id='word_1_272' title='bbox 930 3446 1034 3484; x_wconf 76' lang='lat' dir='ltr'><strong>seruas</strong></span> <span class='ocrx_word' id='word_1_273' title='bbox 1045 3429 1098 3554; x_wconf 59' lang='lat' dir='ltr'><strong>alp</strong></span> <span class='ocrx_word' id='word_1_274' title='bbox 1108 3448 1143 3485; x_wconf 82' lang='lat' dir='ltr'><strong>nr</strong></span> <span class='ocrx_word' id='word_1_275' title='bbox 1155 3446 1293 3486; x_wconf 76' lang='lat' dir='ltr'><strong>asraaoru</strong></span> 
     </span>
    </p>
   </div>
   <div class='ocr_carea' id='block_1_5' title="bbox 129 3497 1293 3621">
    <p class='ocr_par' dir='ltr' id='par_1_5' title="bbox 129 3497 1293 3621">
     <span class='ocr_line' id='line_1_31' title="bbox 129 3497 1293 3619; baseline 0.004 -68"><span class='ocrx_word' id='word_1_276' title='bbox 129 3499 299 3619; x_wconf 44' lang='lat' dir='ltr'><strong>scoppanum</strong></span> <span class='ocrx_word' id='word_1_277' title='bbox 311 3517 336 3550; x_wconf 87' lang='lat' dir='ltr'><strong>a.</strong></span> <span class='ocrx_word' id='word_1_278' title='bbox 349 3514 486 3551; x_wconf 75' lang='lat' dir='ltr'><strong>assumor</strong></span> <span class='ocrx_word' id='word_1_279' title='bbox 499 3497 535 3566; x_wconf 80' lang='lat' dir='ltr'><strong>b.)</strong></span> <span class='ocrx_word' id='word_1_280' title='bbox 553 3512 709 3580; x_wconf 73' lang='lat' dir='ltr'><strong>erumpere</strong></span> <span class='ocrx_word' id='word_1_281' title='bbox 726 3515 861 3554; x_wconf 79' lang='lat' dir='ltr'><strong>naressre.</strong></span> <span class='ocrx_word' id='word_1_282' title='bbox 885 3530 919 3541; x_wconf 89' lang='lat'><em>-</em></span> <span class='ocrx_word' id='word_1_283' title='bbox 937 3499 959 3554; x_wconf 89' lang='lat'><strong>1.</strong></span> <span class='ocrx_word' id='word_1_284' title='bbox 972 3515 1025 3572; x_wconf 86' lang='lat' dir='ltr'><strong>qua</strong></span> <span class='ocrx_word' id='word_1_285' title='bbox 1036 3499 1058 3552; x_wconf 82' lang='lat' dir='ltr'><strong>b.</strong></span> <span class='ocrx_word' id='word_1_286' title='bbox 1100 3540 1106 3554; x_wconf 92' lang='lat'><strong>.</strong></span> <span class='ocrx_word' id='word_1_287' title='bbox 1118 3498 1213 3554; x_wconf 79' lang='lat' dir='ltr'><strong>Aether</strong></span> <span class='ocrx_word' id='word_1_288' title='bbox 1227 3500 1293 3556; x_wconf 85' lang='lat' dir='ltr'><strong>Bab.</strong></span> 
     </span>
     <span class='ocr_line' id='line_1_32' title="bbox 147 3564 719 3621; baseline 0.002 -2"><span class='ocrx_word' id='word_1_289' title='bbox 147 3606 153 3619; x_wconf 93' lang='lat'><strong>.</strong></span> <span class='ocrx_word' id='word_1_290' title='bbox 202 3564 305 3620; x_wconf 88' lang='lat' dir='ltr'><strong>tharoth</strong></span> <span class='ocrx_word' id='word_1_291' title='bbox 317 3565 368 3619; x_wconf 88' lang='lat' dir='ltr'><strong>Ba.</strong></span> <span class='ocrx_word' id='word_1_292' title='bbox 379 3564 505 3620; x_wconf 76' lang='lat' dir='ltr'><strong>Astharot</strong></span> <span class='ocrx_word' id='word_1_293' title='bbox 515 3567 538 3619; x_wconf 87' lang='lat' dir='ltr'><strong>d.</strong></span> <span class='ocrx_word' id='word_1_294' title='bbox 561 3566 585 3620; x_wconf 83' lang='lat'><strong>4.</strong></span> <span class='ocrx_word' id='word_1_295' title='bbox 598 3567 666 3621; x_wconf 82' lang='lat' dir='ltr'><strong>ldosr</strong></span> <span class='ocrx_word' id='word_1_296' title='bbox 678 3568 719 3620; x_wconf 84' lang='lat' dir='ltr'><strong>ab.</strong></span> 
     </span>
    </p>
   </div>
   <div class='ocr_carea' id='block_1_6' title="bbox 126 3734 1294 4504">
    <p class='ocr_par' dir='ltr' id='par_1_6' title="bbox 126 3734 1294 4296">
     <span class='ocr_line' id='line_1_33' title="bbox 163 3734 1293 3819; baseline 0.006 -30"><span class='ocrx_word' id='word_1_297' title='bbox 163 3734 575 3819; x_wconf 38' lang='lat' dir='ltr'><strong>laHelias]3.Reg.XVlll.·2l.</strong></span> <span class='ocrx_word' id='word_1_298' title='bbox 610 3738 668 3804; x_wconf 81' lang='lat' dir='ltr'><em>(F.)</em></span> <span class='ocrx_word' id='word_1_299' title='bbox 735 3739 1293 3797; x_wconf 85' lang='lat' dir='ltr'><strong>hunclocumsmemoriaetuonaeaurato</strong></span> 
     </span>
     <span class='ocr_line' id='line_1_34' title="bbox 144 3802 1294 3938; baseline 0.008 -14"><span class='ocrx_word' id='word_1_300' title='bbox 144 3802 330 3925; x_wconf 60' lang='lat' dir='ltr'><strong>rufa</strong></span> <span class='ocrx_word' id='word_1_301' title='bbox 340 3805 463 3938; x_wconf 52' lang='lat' dir='ltr'><strong>ase</strong></span> <span class='ocrx_word' id='word_1_302' title='bbox 474 3805 588 3874; x_wconf 48' lang='grc' dir='ltr'><strong>ΟΜ]</strong></span> <span class='ocrx_word' id='word_1_303' title='bbox 604 3807 626 3860; x_wconf 90' lang='lat'><strong>¹·</strong></span> <span class='ocrx_word' id='word_1_304' title='bbox 636 3806 684 3861; x_wconf 77' lang='lat'><strong>⁰⁰·</strong></span> <span class='ocrx_word' id='word_1_305' title='bbox 735 3806 1294 3933; x_wconf 60' lang='lat' dir='ltr'><strong>‘affim‘aassaiiosrd</strong></span> 
     </span>
     <span class='ocr_line' id='line_1_35' title="bbox 128 3884 1294 4026; baseline 0.009 -33"><span class='ocrx_word' id='word_1_306' title='bbox 128 3889 508 4024; x_wconf 34' lang='lat' dir='ltr'><strong>rffnksadhuclonita&#39;risloco]</strong></span> <span class='ocrx_word' id='word_1_307' title='bbox 525 3943 592 4025; x_wconf 78' lang='lat' dir='ltr'><strong>Dato</strong></span> <span class='ocrx_word' id='word_1_308' title='bbox 601 3942 685 4026; x_wconf 71' lang='lat' dir='ltr'><strong>adlruc</strong></span> <span class='ocrx_word' id='word_1_309' title='bbox 735 3894 1040 4016; x_wconf 59' lang='lat' dir='ltr'><strong>floo&#39;sstpeplsmdsnas</strong></span> <span class='ocrx_word' id='word_1_310' title='bbox 1056 3959 1088 3998; x_wconf 82' lang='lat' dir='ltr'><strong>sa</strong></span> <span class='ocrx_word' id='word_1_311' title='bbox 1099 3960 1166 4012; x_wconf 86' lang='lat' dir='ltr'><strong>quas</strong></span> <span class='ocrx_word' id='word_1_312' title='bbox 1183 3884 1294 4003; x_wconf 72' lang='lat' dir='ltr'><strong>susderll</strong></span> 
     </span>
     <span class='ocr_line' id='line_1_36' title="bbox 128 4013 1291 4084; baseline 0.008 -21"><span class='ocrx_word' id='word_1_313' title='bbox 128 4027 153 4063; x_wconf 84' lang='lat' dir='ltr'><strong>or</strong></span> <span class='ocrx_word' id='word_1_314' title='bbox 164 4015 249 4081; x_wconf 75' lang='lat' dir='ltr'><strong>spano</strong></span> <span class='ocrx_word' id='word_1_315' title='bbox 261 4015 445 4079; x_wconf 74' lang='lat' dir='ltr'><strong>poenitentiae,</strong></span> <span class='ocrx_word' id='word_1_316' title='bbox 461 4018 488 4066; x_wconf 91' lang='lat' dir='ltr'><strong>et</strong></span> <span class='ocrx_word' id='word_1_317' title='bbox 503 4013 567 4067; x_wconf 89' lang='lat' dir='ltr'><strong>bom</strong></span> <span class='ocrx_word' id='word_1_318' title='bbox 582 4014 685 4066; x_wconf 82' lang='lat' dir='ltr'><strong>eouedri</strong></span> <span class='ocrx_word' id='word_1_319' title='bbox 735 4031 825 4068; x_wconf 83' lang='lat' dir='ltr'><strong>revera</strong></span> <span class='ocrx_word' id='word_1_320' title='bbox 842 4031 900 4068; x_wconf 90' lang='lat' dir='ltr'><strong>esse</strong></span> <span class='ocrx_word' id='word_1_321' title='bbox 923 4013 1141 4084; x_wconf 83' lang='lat' dir='ltr'><strong>quemadmodum</strong></span> <span class='ocrx_word' id='word_1_322' title='bbox 1157 4015 1291 4072; x_wconf 84' lang='lat' dir='ltr'><strong>suadeant</strong></span> 
     </span>
     <span class='ocr_line' id='line_1_37' title="bbox 127 4077 1286 4217; baseline 0.003 -84"><span class='ocrx_word' id='word_1_323' title='bbox 127 4077 320 4160; x_wconf 51' lang='lat' dir='ltr'><strong>amplectendi.¹</strong></span> <span class='ocrx_word' id='word_1_324' title='bbox 343 4077 417 4198; x_wconf 54' lang='lat' dir='ltr'><strong>lim·</strong></span> <span class='ocrx_word' id='word_1_325' title='bbox 496 4147 614 4204; x_wconf 49' lang='lat' dir='ltr'><strong>muli</strong></span> <span class='ocrx_word' id='word_1_326' title='bbox 632 4167 684 4204; x_wconf 56' lang='lat' dir='ltr'><strong>om</strong></span> <span class='ocrx_word' id='word_1_327' title='bbox 734 4085 847 4138; x_wconf 76' lang='lat' dir='ltr'><strong>Fabricii</strong></span> <span class='ocrx_word' id='word_1_328' title='bbox 858 4081 1036 4217; x_wconf 48' lang='lat' dir='ltr'><strong>inatlatppirlpsterteifi</strong></span> <span class='ocrx_word' id='word_1_329' title='bbox 1048 4079 1224 4211; x_wconf 49' lang='lat' dir='ltr'><strong>couplffigdit</strong></span> <span class='ocrx_word' id='word_1_330' title='bbox 1273 4097 1286 4168; x_wconf 33' lang='lat'><strong>⁸·</strong></span> 
     </span>
     <span class='ocr_line' id='line_1_38' title="bbox 126 4149 1292 4296; baseline 0.005 -24"><span class='ocrx_word' id='word_1_331' title='bbox 126 4149 491 4296; x_wconf 46' lang='lat' dir='ltr'><strong>Xpffinppoppwfflpp</strong></span> <span class='ocrx_word' id='word_1_332' title='bbox 502 4189 582 4271; x_wconf 61' lang='lat' dir='ltr'><strong>derbe</strong></span> <span class='ocrx_word' id='word_1_333' title='bbox 593 4166 684 4272; x_wconf 63' lang='lat' dir='ltr'><strong>electo</strong></span> <span class='ocrx_word' id='word_1_334' title='bbox 734 4171 802 4286; x_wconf 68' lang='lat' dir='ltr'><strong>roll,</strong></span> <span class='ocrx_word' id='word_1_335' title='bbox 811 4169 917 4274; x_wconf 50' lang='lat' dir='ltr'><strong>lllffnox</strong></span> <span class='ocrx_word' id='word_1_336' title='bbox 930 4217 1015 4270; x_wconf 80' lang='lat' dir='ltr'><strong>addit:</strong></span> <span class='ocrx_word' id='word_1_337' title='bbox 1032 4255 1045 4280; x_wconf 79' lang='lat'>„</span> <span class='ocrx_word' id='word_1_338' title='bbox 1054 4216 1155 4273; x_wconf 61' lang='lat' dir='ltr'><strong>Vasa</strong></span> <span class='ocrx_word' id='word_1_339' title='bbox 1165 4169 1292 4290; x_wconf 49' lang='lat' dir='ltr'><strong>woman:</strong></span> 
     </span>
    </p>

    <p class='ocr_par' dir='ltr' id='par_1_7' title="bbox 127 4281 1292 4428">
     <span class='ocr_line' id='line_1_39' title="bbox 161 4281 1292 4364; baseline 0.006 -27"><span class='ocrx_word' id='word_1_340' title='bbox 161 4283 251 4355; x_wconf 89' lang='lat' dir='ltr'><strong>pendrt</strong></span> <span class='ocrx_word' id='word_1_341' title='bbox 260 4281 395 4364; x_wconf 78' lang='lat' dir='ltr'><strong>Phrlastsr,</strong></span> <span class='ocrx_word' id='word_1_342' title='bbox 406 4284 454 4337; x_wconf 85' lang='lat' dir='ltr'><strong>sed</strong></span> <span class='ocrx_word' id='word_1_343' title='bbox 464 4301 568 4340; x_wconf 85' lang='lat' dir='ltr'><strong>sensum</strong></span> <span class='ocrx_word' id='word_1_344' title='bbox 577 4303 684 4358; x_wconf 85' lang='lat' dir='ltr'><strong>expres·</strong></span> <span class='ocrx_word' id='word_1_345' title='bbox 735 4294 775 4341; x_wconf 80' lang='lat' dir='ltr'><strong>ais</strong></span> <span class='ocrx_word' id='word_1_346' title='bbox 787 4299 812 4342; x_wconf 82' lang='lat' dir='ltr'><strong>et</strong></span> <span class='ocrx_word' id='word_1_347' title='bbox 821 4307 870 4340; x_wconf 79' lang='lat' dir='ltr'><strong>noa</strong></span> <span class='ocrx_word' id='word_1_348' title='bbox 881 4286 980 4339; x_wconf 54' lang='lat' dir='ltr'><strong>rocla?</strong></span> <span class='ocrx_word' id='word_1_349' title='bbox 996 4285 1036 4338; x_wconf 78' lang='lat' dir='ltr'><strong>lla</strong></span> <span class='ocrx_word' id='word_1_350' title='bbox 1047 4285 1156 4340; x_wconf 84' lang='lat' dir='ltr'><strong>dicimus</strong></span> <span class='ocrx_word' id='word_1_351' title='bbox 1170 4295 1210 4353; x_wconf 76' lang='lat' dir='ltr'><strong>,si</strong></span> <span class='ocrx_word' id='word_1_352' title='bbox 1219 4310 1292 4346; x_wconf 78' lang='lat' dir='ltr'><strong>escae</strong></span> 
     </span>
     <span class='ocr_line' id='line_1_40' title="bbox 127 4352 1290 4428; baseline 0.006 -21"><span class='ocrx_word' id='word_1_353' title='bbox 127 4359 170 4419; x_wconf 83' lang='lat' dir='ltr'><strong>ert,</strong></span> <span class='ocrx_word' id='word_1_354' title='bbox 182 4369 254 4406; x_wconf 90' lang='lat' dir='ltr'><strong>more</strong></span> <span class='ocrx_word' id='word_1_355' title='bbox 266 4369 314 4406; x_wconf 91' lang='lat' dir='ltr'><strong>suo</strong></span> <span class='ocrx_word' id='word_1_356' title='bbox 326 4352 518 4422; x_wconf 86' lang='lat' dir='ltr'><strong>mtsrpolaturu.</strong></span> <span class='ocrx_word' id='word_1_357' title='bbox 552 4355 609 4421; x_wconf 82' lang='lat' dir='ltr'><em>(F.)</em></span> <span class='ocrx_word' id='word_1_358' title='bbox 735 4358 835 4426; x_wconf 77' lang='lat' dir='ltr'><strong>aliquid</strong></span> <span class='ocrx_word' id='word_1_359' title='bbox 842 4355 991 4418; x_wconf 52' lang='lat' dir='ltr'><strong>camdeni?</strong></span> <span class='ocrx_word' id='word_1_360' title='bbox 1006 4355 1048 4407; x_wconf 86' lang='lat' dir='ltr'><strong>vel</strong></span> <span class='ocrx_word' id='word_1_361' title='bbox 1058 4373 1146 4417; x_wconf 71' lang='lat' dir='ltr'><strong>,seem</strong></span> <span class='ocrx_word' id='word_1_362' title='bbox 1154 4363 1290 4428; x_wconf 48' lang='lat' dir='ltr'><strong>capitae?</strong></span> 
     </span>
    </p>

    <p class='ocr_par' dir='ltr' id='par_1_8' title="bbox 160 4421 1169 4504">
     <span class='ocr_line' id='line_1_41' title="bbox 160 4421 1169 4504; baseline 0.004 -30"><span class='ocrx_word' id='word_1_363' title='bbox 160 4439 196 4474; x_wconf 90' lang='grc' dir='ltr'><strong>ιιι.</strong></span> <span class='ocrx_word' id='word_1_364' title='bbox 213 4421 318 4475; x_wconf 82' lang='lat' dir='ltr'><strong>Faciam</strong></span> <span class='ocrx_word' id='word_1_365' title='bbox 328 4437 371 4475; x_wconf 90' lang='lat' dir='ltr'><strong>me</strong></span> <span class='ocrx_word' id='word_1_366' title='bbox 383 4422 461 4492; x_wconf 83' lang='lat' dir='ltr'><strong>quasi</strong></span> <span class='ocrx_word' id='word_1_367' title='bbox 470 4423 593 4492; x_wconf 77' lang='lat' dir='ltr'><strong>angelum</strong></span> <span class='ocrx_word' id='word_1_368' title='bbox 604 4425 681 4492; x_wconf 89' lang='lat' dir='ltr'><strong>lucis]</strong></span> <span class='ocrx_word' id='word_1_369' title='bbox 733 4442 780 4496; x_wconf 87' lang='lat' dir='ltr'><strong>pro</strong></span> <span class='ocrx_word' id='word_1_370' title='bbox 795 4429 838 4488; x_wconf 77' lang='lat' dir='ltr'><strong>„ia</strong></span> <span class='ocrx_word' id='word_1_371' title='bbox 848 4425 944 4504; x_wconf 68' lang='lat' dir='ltr'><strong>maana</strong></span> <span class='ocrx_word' id='word_1_372' title='bbox 952 4424 1077 4492; x_wconf 79' lang='lat' dir='ltr'><strong>partem.”</strong></span> <span class='ocrx_word' id='word_1_373' title='bbox 1102 4425 1169 4491; x_wconf 57' lang='lat' dir='ltr'><strong>(F.)</strong></span> 
     </span>
    </p>
   </div>
   <div class='ocr_carea' id='block_1_7' title="bbox 126 4489 1290 4708">
    <p class='ocr_par' dir='ltr' id='par_1_9' title="bbox 126 4489 1290 4708">
     <span class='ocr_line' id='line_1_42' title="bbox 126 4489 1290 4616; baseline 0.009 -73"><span class='ocrx_word' id='word_1_374' title='bbox 126 4489 197 4544; x_wconf 81' lang='lat' dir='ltr'><strong>ilaec</strong></span> <span class='ocrx_word' id='word_1_375' title='bbox 211 4490 342 4548; x_wconf 87' lang='lat' dir='ltr'><strong>interserit</strong></span> <span class='ocrx_word' id='word_1_376' title='bbox 357 4506 392 4543; x_wconf 86' lang='lat' dir='ltr'><strong>ex</strong></span> <span class='ocrx_word' id='word_1_377' title='bbox 411 4489 469 4543; x_wconf 87' lang='lat' dir='ltr'><strong>loco</strong></span> <span class='ocrx_word' id='word_1_378' title='bbox 484 4489 604 4561; x_wconf 76' lang='lat' dir='ltr'><strong>Apostoli</strong></span> <span class='ocrx_word' id='word_1_379' title='bbox 618 4510 683 4548; x_wconf 82' lang='lat' dir='ltr'><strong>mox</strong></span> <span class='ocrx_word' id='word_1_380' title='bbox 768 4509 793 4564; x_wconf 92' lang='lat' dir='ltr'><strong>q.</strong></span> <span class='ocrx_word' id='word_1_381' title='bbox 811 4493 907 4564; x_wconf 90' lang='lat' dir='ltr'><strong>quippe</strong></span> <span class='ocrx_word' id='word_1_382' title='bbox 915 4509 974 4546; x_wconf 73' lang='lat' dir='ltr'><strong>amu</strong></span> <span class='ocrx_word' id='word_1_383' title='bbox 982 4507 1058 4616; x_wconf 77' lang='lat' dir='ltr'><strong>passa</strong></span> <span class='ocrx_word' id='word_1_384' title='bbox 1065 4489 1211 4565; x_wconf 81' lang='lat' dir='ltr'><strong>verisimili]</strong></span> <span class='ocrx_word' id='word_1_385' title='bbox 1227 4497 1290 4553; x_wconf 86' lang='lat' dir='ltr'><strong>For·</strong></span> 
     </span>
     <span class='ocr_line' id='line_1_43' title="bbox 127 4558 1289 4632; baseline 0.009 -20"><span class='ocrx_word' id='word_1_386' title='bbox 127 4558 299 4630; x_wconf 86' lang='lat' dir='ltr'><strong>producendo.</strong></span> <span class='ocrx_word' id='word_1_387' title='bbox 334 4563 347 4623; x_wconf 91' lang='lat'><em>(</em></span> <span class='ocrx_word' id='word_1_388' title='bbox 372 4564 392 4624; x_wconf 91' lang='lat'><strong>.)</strong></span> <span class='ocrx_word' id='word_1_389' title='bbox 733 4566 803 4616; x_wconf 86' lang='lat' dir='ltr'><strong>tasse</strong></span> <span class='ocrx_word' id='word_1_390' title='bbox 819 4563 965 4615; x_wconf 56' lang='lat' dir='ltr'><strong>scamnalia</strong></span> <span class='ocrx_word' id='word_1_391' title='bbox 993 4560 1131 4632; x_wconf 77' lang='lat' dir='ltr'><strong>egendum</strong></span> <span class='ocrx_word' id='word_1_392' title='bbox 1159 4564 1213 4620; x_wconf 76' lang='lat' dir='ltr'><strong>Aut</strong></span> <span class='ocrx_word' id='word_1_393' title='bbox 1227 4583 1289 4622; x_wconf 82' lang='lat' dir='ltr'><strong>vero</strong></span> 
     </span>
     <span class='ocr_line' id='line_1_44' title="bbox 161 4625 1289 4708; baseline 0.01 -26"><span class='ocrx_word' id='word_1_394' title='bbox 161 4645 188 4682; x_wconf 90' lang='lat' dir='ltr'><strong>u.</strong></span> <span class='ocrx_word' id='word_1_395' title='bbox 205 4629 350 4699; x_wconf 81' lang='lat' dir='ltr'><strong>apostolus]</strong></span> <span class='ocrx_word' id='word_1_396' title='bbox 373 4627 398 4683; x_wconf 79' lang='lat'><strong>2.</strong></span> <span class='ocrx_word' id='word_1_397' title='bbox 410 4626 469 4683; x_wconf 79' lang='lat' dir='ltr'><strong>dor.</strong></span> <span class='ocrx_word' id='word_1_398' title='bbox 480 4625 528 4683; x_wconf 73' lang='lat' dir='ltr'><strong>xi</strong></span> <span class='ocrx_word' id='word_1_399' title='bbox 540 4628 578 4684; x_wconf 76' lang='grc'><strong>14.</strong></span> <span class='ocrx_word' id='word_1_400' title='bbox 595 4629 682 4687; x_wconf 80' lang='lat' dir='ltr'><strong>Etiam</strong></span> <span class='ocrx_word' id='word_1_401' title='bbox 733 4629 897 4687; x_wconf 80' lang='lat' dir='ltr'><strong>referendum</strong></span> <span class='ocrx_word' id='word_1_402' title='bbox 906 4629 1116 4687; x_wconf 74' lang='lat' dir='ltr'><strong>illudoere&#39;aa‘me&#39;li</strong></span> <span class='ocrx_word' id='word_1_403' title='bbox 1130 4632 1165 4689; x_wconf 85' lang='lat' dir='ltr'><strong>ad</strong></span> <span class='ocrx_word' id='word_1_404' title='bbox 1180 4651 1289 4708; x_wconf 86' lang='lat' dir='ltr'><strong>eaquae</strong></span> 
     </span>
    </p>
   </div>
   <div class='ocr_carea' id='block_1_8' title="bbox 0 0 1528 5124">
    <p class='ocr_par' dir='ltr' id='par_1_10' title="bbox 0 0 1528 5124">
     <span class='ocr_line' id='line_1_45' title="bbox 0 0 1528 5124; baseline 0 1"><span class='ocrx_word' id='word_1_405' title='bbox 0 0 1528 5124; x_wconf 95' lang='lat' dir='ltr'><strong> </strong></span> 
     </span>
    </p>
   </div>
  </div>
 </body>
</html>
