3046 5124
248 354 310 419 382

248 506 354 575 καθαρᾶς
366 505 480 575 καρδίας,
498 504 554 566 τοὺς
588 501 630 556 eth
639 503 692 572 βίου
706 501 877 570 desumimus.
900 503 930 557 0l
942 507 1049 556 τοιοῦτοι
1060 501 1097 556 est
1108 502 1284 576 npoeiitmsau.
1301 502 1406 575 elatat

247 577 361 640 τοιοῦτοι,
392 572 436 639 neh
448 572 519 633 ἅπαξ.
532 522 612 642 liphne
624 572 657 642 γὰ
684 570 778 633 ἑαυτοῖς
787 570 939 643 λαμβάνουσι
951 572 992 624 καὶ
1003 568 1150 643 κατάκριμα.
1167 572 1202 626 Et
1213 572 1245 626 de
1253 572 1286 626 B.
1293 572 1406 643 Philogo-

247 643 291 695 uio
303 649 365 694 tom.
374 592 418 696 hl.
430 642 474 694 tol.
484 640 542 695 835.
559 642 638 692 iliulti
648 592 850 693 ghristianorum
861 646 890 693 iu
901 643 977 694 talem
985 642 1158 705 roecordiam,
1171 650 1317 712 tantamque
1326 660 1406 693 uenere

248 720 417 779 contemptum,
431 719 540 779 utquam
552 712 904 773 innumeriascateantmalis,
918 712 1012 762 nullam
1024 713 1182 762 tamenritae
1193 728 1258 763 suae
1265 727 1351 763 curare
1364 710 1405 763 iu·

248 780 333 842 bearet,
356 782 443 831 sedin
460 779 634 846 dictassestis
653 780 808 845 neqliqeuter
829 796 862 830 ac
880 787 969 830 temere
985 781 1147 831 adraensem
1165 780 1264 831 domini
1280 780 1406 839 accedant,

247 847 318 900 haud
329 848 494 913 inteliiqentes
504 849 571 916 quod
582 850 758 898 communionis
776 854 870 915 tempus
886 865 934 899 non
951 856 990 899 est
996 850 1098 916 sestam·
1108 864 1186 915 neque
1202 846 1352 909 celebritas,
1366 848 1407 899 sed

247 920 402 968 conscientia
410 934 491 984 pura,
502 918 557 966 rita
592 933 604 965 e
616 936 633 967 a
641 918 760 983 peccatis
771 924 921 984 repuroata.
941 916 1155 975 Quemadmodum
1166 918 1233 967 eninr
1244 918 1291 985 qui
1300 916 1349 967 sihi
1359 914 1407 965 nul·

247 985 296 1035 lius
306 985 370 1035 mali
381 987 494 1037 conscius
507 992 549 1045 est,
577 1000 625 1034 urm
637 992 735 1051 oportet
744 985 851 1051 siruquiia
863 985 950 1036 diebus
962 985 1100 1035 accedere:
1110 988 1150 1035 sie
1158 988 1332 1053 quipeccatis
1340 1000 1407 1035 occu-

242 1061 322 1121 patus
334 1061 377 1114 est,
390 1068 435 1103 nec
442 1055 571 1120 paenitet,
589 1070 643 1102 eum
660 1070 691 1102 ne
706 1055 734 1103 iu
742 1055 820 1119 festis
831 1054 929 1121 quidem
942 1053 1065 1104 accedere
1076 1061 1154 1103 mmm
1165 1062 1210 1105 est.
1239 1050 1331 1121 Neque
1340 1052 1408 1103 mei

246 1126 272 1173 in
285 1140 352 1172 anno
364 1122 489 1172 accedere
500 1120 595 1171 liberat
604 1138 648 1171 nos
659 1139 677 1170 a
685 1125 813 1187 peccatis,
825 1123 850 1170 si
860 1122 964 1187 indique
980 1124 1176 1183 accesserirnusf
1192 1120 1253 1189 quin
1269 1118 1319 1173 hoc
1332 1123 1407 1189 spru·

243 1193 329 1257 potius
341 1198 418 1275 aupet
428 1190 621 1249 damnationem,
634 1190 700 1256 quad
710 1205 765 1238 cum
776 1189 853 1240 semel
863 1190 1028 1250 accedamus,
1041 1206 1071 1238 ne
1083 1196 1142 1239 tunc
1152 1189 1253 1307 pridem
1260 1206 1330 1257 pure
1340 1204 1407 1240 acce·

247 1259 343 1309 damus.
361 1256 394 1308 ht
405 1255 493 1337 homil.
502 1256 570 1309 LXI.
583 1256 614 1307 ad
627 1254 752 1336 populum
764 1254 954 1309 Antiochenam
970 1257 998 1308 in
1010 1256 1084 1326 epist.
1095 1254 1151 1307 Pau
1162 1271 1171 1308 1
1187 1255 1222 1308 ad
1234 1254 1407 1309 Corinthiash

246 1324 628 1472 thhshffflhaixffili'shdg
641 1323 940 1471 ,ὴῖοῗοῖεὲῗῗεῑεοωεεε
953 1389 1408 1463 officiissceles.1ib.1.cap.xv1ss.

246 1461 359 1515 Basilius
370 1462 485 1530 Magnus
497 1461 528 1513 da
540 1461 574 1512 ba
584 1466 696 1513 ›tismato
708 1461 751 1512 hb.
764 1461 785 1514 l.
800 1476 829 1512 ca
849 1460 908 1513 .lll.
925 1460 1003 1514 lime.
1021 1460 1167 1529 quaestion.
1175 1458 1201 1512 3.
1224 1459 1309 1513 hatur
1324 1458 1407 1514 homil

247 1530 278 1582 ds
291 1546 372 1583 coena
381 1530 486 1581 Domini
498 1528 567 1609 apud
575 1478 726 1596 hieronym.
739 1534 802 1581 tom.
812 1478 859 1582 IX.
876 1530 972 1581 Hieron
1020 1568 1026 1581 .
1044 1528 1077 1582 ad
1089 1526 1244 1582 Corintheas
1255 1544 1279 1583 c..
1292 1528 1340 1583 XI.
1361 1528 1408 1581 Ile·

246 1599 330 1651 banus
343 1599 450 1695 illaturus
468 1597 499 1649 da
516 1598 627 1693 mstitpt.
641 1597 793 1649 clericorum
805 1598 849 1649 lib.
862 1598 882 1650 l.
895 1614 952 1677 cap.
992 1597 1010 1649 1.
1023 1597 1055 1649 da
1066 1603 1230 1677 armamento
1241 1596 1408 1677 eucharistiae

246 1662 1408 1813 tl:lll·ittet,{llttlhl‘liilllllllll1¹l.¹¹tltll¹¹ltl'.·.l.'.ll·.lt

246 1800 1408 1939 ill.lltttl².llll¹.¹.lltlslllitssltl‘ltmiellalillliltltl:

246 1941 332 1992 stinct.
341 1938 388 1992 IX.
401 1956 473 1991 suum.
485 1938 527 1990 4⁶2.
544 1939 655 2007 algarus
667 1938 698 1991 ds
710 1945 872 1991 sacramento
885 1936 1054 1991 eucharistiae
1065 1938 1111 1993 lib.
1124 1938 1146 1989 l.
1157 1954 1214 2009 cap.
1223 1936 1312 1991 XXII.

297 2007 540 2060 Communicaturus
552 2007 696 2059 satisfaciat
709 2005 860 2075 lachrymis]
878 2008 948 2059 Haec
958 2008 1038 2059 verba
1053 2007 1116 2059 citat
1127 2004 1243 2059 Thomas
1255 2008 1371 2077 mainus
1381 2006 1408 2061 ia

249 2076 271 2131 l.
285 2093 299 2128 e
318 2076 360 2127 ist.
371 2075 445 2128 Pauli
457 2075 490 2127 ad
502 2074 616 2128 Corinth.
629 2089 685 2145 cap.
695 2074 742 2128 XI.
755 2076 812 2129 loct.
823 2075 847 2129 7.

297 2093 380 2207 gruem
391 2144 512 2196 mortalia
523 2152 629 2212 peccata
640 2161 693 2196 non
705 2144 828 2211 gravant]
845 2143 967 2195 Mortalia
977 2148 1084 2213 peccata
1094 2148 1172 2195 vocat
1183 2144 1351 2209 adulterium,
1367 2144 1408 2197 lm·

246 2216 388 2274 micidium,
400 2214 496 2265 sacrile
515 2217 577 2275 ium,
588 2216 702 2279 surtran,
719 2221 744 2263 et
754 2216 906 2280 periurium.
929 2212 1080 2281 HIerauym.
1097 2212 1125 2265 in
1136 2210 1298 2266 Ezechielem
1310 2210 1408 2266 lib.XI.

246 2298 303 2351 cap.
311 2280 436 2335 XXXIV.
448 2281 474 2333 in
488 2280 497 2301 '
509 2278 595 2332 achar.
606 2281 651 2333 lib.
668 2281 689 2334 l.
702 2295 757 2349 cap.
767 2281 796 2333 V.
810 2278 930 2350 Cypriam
943 2280 974 2332 de
987 2281 1055 2333 bono
1067 2280 1208 2350 patientiae
1225 2280 1272 2334 iol.
1281 2278 1339 2335 288.
1358 2282 1408 2333 Aa·

245 2357 287 2402 tor
298 2350 329 2402 de
342 2349 493 2401 rectitudine
505 2347 646 2401 catholicae
658 2348 845 2401 coruvarsation.
857 2364 873 2399 a
891 2347 926 2400 ud
937 2348 1077 2417 Angustia.
1088 2356 1151 2401 tom.
1160 2346 1208 2403 IX.
1219 2348 1265 2401 tol.
1274 2348 1333 2403 793.
1349 2350 1408 2403 Ter·

246 2420 347 2472 tullian.
361 2418 484 2469 adversus
496 2418 655 2469 Marcionem
668 2417 710 2469 lib.
720 2416 763 2469 IV.
776 2432 831 2487 cap.
840 2366 890 2469 IX?

795 1324 842 1375 ‚ll
854 1322 944 1379 homil.
954 1324 998 1377 III.
1010 1325 1038 1376 in
1050 1329 1114 1377 orat.
1127 1324 1159 1377 de
1168 1324 1301 1393 baptismo
1310 1322 1407 1377 Ghristi.

297 2485 381 2549 Quem
392 2486 511 2539 mortalia
522 2486 631 2537 crimina
641 2491 701 2554 post
712 2484 870 2554 baptismum
882 2487 1015 2556 premunt]
1032 2484 1190 2537 walafridus
1202 2484 1301 2539 Strabo
1319 2485 1352 2540 de
1366 2486 1409 2539 oh·

246 2562 341 2607 servat.
354 2555 444 2608 eccles.
457 2571 512 2623 cap.
522 2553 605 2607 XVII.
628 2554 797 2605 Sacramenta
815 2574 833 2605 a
844 2556 1046 2622 soncu'ficotioue
1058 2554 1098 2605 eet
1107 2564 1207 2607 secreta
1217 2558 1314 2608 uirtute
1324 2558 1409 2607 dican·

247 2633 296 2675 tur.
324 2623 394 2675 Unde
407 2627 482 2675 etiam
500 2626 632 2673 criminum
641 2624 769 2690 foeditate
786 2622 937 2692 capitalium
953 2642 971 2673 a
987 2622 1103 2673 membris
1118 2620 1217 2675 Christi
1231 2625 1363 2675 deviantes
1378 2624 1410 2675 ab

247 2697 257 2743 i
274 2698 310 2744 sis
321 2695 489 2743 sacramentis
502 2692 673 2741 ecclesiastica
685 2692 869 2758 suspenduntur
880 2692 971 2758 officio.
988 2718 1022 2729 —
1037 2690 1173 2743 Sciendum
1184 2710 1202 2743 a
1213 2690 1240 2743 S.
1249 2692 1371 2761 patribus
1380 2692 1410 2745 ah

246 2712 293 2813 iic
307 2761 346 2812 cel
357 2765 463 2812 maxime
476 2763 644 2821 constitutum,
662 2768 689 2810 ut
701 2759 841 2811 nusrtaliter
848 2768 988 2829 peccantes
999 2778 1017 2810 a
1034 2764 1203 2811 sacramentis
1221 2760 1358 2813 dominicis
1367 2778 1410 2813 ar·

247 2840 360 2892 ceantur,
374 2847 403 2880 ne
416 2846 446 2879 ea
458 2830 562 2895 indique
569 2830 748 2897 percipientes,
760 2827 801 2878 cei
810 2832 905 2879 maiori
915 2828 1077 2879 inimicantur
1087 2836 1174 2889 reatu,
1189 2837 1219 2880 ut
1229 2828 1325 2893 Iudas,
1342 2846 1411 2897 quens

241 2908 302 2968 post
308 2915 402 2967 panem
415 2917 432 2948 a
445 2900 566 2963 mayistro
580 2905 669 2948 temere
680 2904 820 2964 susceptum
839 2896 955 2947 diabolus
968 2898 1065 2947 dicitur
1071 2897 1173 2965 plenius
1179 2898 1315 2961 inuasisse,
1326 2906 1355 2949 ut
1361 2900 1411 2949 cri·

247 2985 300 3018 risen
312 2968 378 3035 quod
384 2970 461 3033 prius
472 2966 600 3016 scelerata
607 2966 836 3032 praemeditatione
847 2981 924 3016 conce
942 2973 1011 3027 mat,
1028 2968 1081 3015 iam
1092 2965 1290 3017 sceleratissimo
1301 2982 1411 3017 consera-

247 3043 329 3086 maret
340 3036 451 3101 adfectu.
487 3033 533 3084 Vel
549 3035 626 3101 (quud
640 3034 767 3101 apostulus
784 3035 815 3084 de
828 3032 916 3083 Corint
936 3035 969 3084 iis
980 3034 1055 3096 dicit)
1072 3049 1102 3083 ue
1114 3034 1286 3101 infirmitatem
1298 3038 1412 3103 corporis

246 3113 270 3153 et
281 3103 488 3163 imbecillitatem,
507 3105 635 3170 ipsamque
650 3110 751 3152 nrurrtem
764 3111 970 3170 praesumptores
981 3104 1124 3153 incurrant.
1147 3100 1267 3154 Ambrae.
1279 3118 1357 3155 aem
1368 3100 1410 3155 VI.

245 3172 290 3222 fol.
303 3172 326 3222 9.
351 3169 463 3221 Vestrum
475 3178 513 3220 est
527 3178 615 3221 uetare
631 3170 784 3221 homicidam
801 3178 859 3221 ante
875 3188 934 3219 uara
945 3172 1133 3237 paestitentiam
1147 3178 1213 3237 aaut
1227 3168 1412 3223 maturamus·

247 3243 372 3307 acccipere.
392 3236 489 3290 Concil.
501 3237 658 3290 Turonicum
668 3237 686 3292 I.
700 3254 756 3307 cap.
765 3235 820 3291 VII.
844 3188 988 3288 domicidis
994 3241 1099 3307 penitus
1110 3254 1158 3289 raon
1170 3240 1411 3301 communicandam,

246 3309 324 3358 daiuec
332 3324 381 3375 per
393 3309 569 3372 consessionem
579 3310 753 3374 paeiu'teutiae
765 3309 873 3375 ipsorum
884 3308 993 3357 crimina
1003 3306 1142 3357 diluantur.
1159 3306 1290 3359 Martialis
1298 3308 1411 3379 episcop.

245 3376 272 3427 in
285 3375 394 3445 epistola
405 3374 437 3425 ad
449 3373 634 3441 Burdogalens.
648 3390 704 3444 cap.
713 3374 755 3425 lV.
773 3373 823 3425 Est
832 3376 952 3441 indiynus
962 3392 1049 3425 mensa
1059 3374 1169 3437 Domini,
1181 3378 1227 3443 qui
1236 3374 1361 3429 hominene
1371 3392 1412 3429 oc-

246 3446 345 3497 ciderit.
376 3442 446 3494 Il'am
463 3446 488 3492 si
499 3447 642 3510 praesumit
652 3441 848 3505 cartemianum,
865 3459 923 3493 reus
941 3451 979 3493 est
989 3446 1077 3494 mortis
1087 3446 1190 3495 assianae
1201 3452 1227 3495 et
1237 3448 1355 3515 corpor-'s
1364 3448 1411 3497 eui.

245 3512 288 3565 Sic
301 3510 407 3563 Photius
437 3508 565 3562 atriurcha
576 3509 704 3562 Basiliam
722 3510 787 3579 Imp.
799 3508 935 3563 Michaelis
945 3510 1114 3580 parricidam,
1131 3509 1165 3562 ad
1182 3524 1285 3565 sacram
1301 3528 1412 3567 caenam

245 3580 380 3633 admittere
389 3527 479 3632 hahuit.
498 3578 613 3631 Zonaras
629 3577 726 3632 tom.3.
743 3578 953 3632 annal.fol.151.
979 3579 1158 3631 meretricibus
1191 3595 1226 3633 uo
1245 3596 1279 3633 ae
1290 3582 1411 3651 puhlicis,

246 3647 985 3716 sisaran-iia,mimis,atransforatusdeiiegsturcommunio.
1003 3594 1206 3717 Nicephoruego
1237 3648 1411 3703 essurieml.

245 3717 310 3769 Iuris
322 3716 545 3769 Graeco-Romani
552 3716 597 3768 iol.
607 3714 663 3769 196.
673 3714 802 3767 Iohannes
813 3714 914 3769 Gersou
923 3714 1124 3768 desacramento
1133 3713 1306 3771 eucharistia
1311 3716 1410 3789 parti.

244 3786 289 3837 fol.
299 3786 340 3837 ⁸27.
357 3785 495 3837 Durandus
505 3784 535 3837 de
542 3784 568 3837 S.
575 3784 697 3837 I'ortiano
709 3800 786 3864 snper
798 3790 910 3837 sentent.
916 3783 985 3836 Petri
990 3783 1131 3836 hembardi
1141 3783 1186 3837 lih.
1192 3782 1237 3839 lv.
1244 3784 1360 3841 datinet.
1369 3786 1411 3841 lv.

245 3863 345 3923 quaest.
354 3855 384 3907 V.
405 3854 549 3923 Gregorius
560 3852 608 3907 PP.
621 3853 649 3904 in
661 3851 770 3904 decretis
782 3852 826 3904 lib.
836 3853 866 3903 V.
878 3854 917 3905 tit.
925 3852 1000 3904 XIX.
1011 3868 1068 3933 cap.
1077 3852 1122 3907 III.

295 3923 388 3974 Hortor
399 3923 470 3992 prim
502 3922 586 3975 ablica
597 3921 766 3992 paenitentia]
784 3920 906 3973 Publicae
917 3921 1090 3991 paenitentrae
1101 3920 1278 3975 meminerunt
1287 3920 1411 3977 Irenaeur

245 3991 368 4043 adversus
379 3940 534 4044 haereahib.
544 3990 564 4044 I.
576 4006 631 4059 cap.
640 3988 687 4042 IX.
705 3989 834 4042 Eusebius
846 3990 936 4043 eccles.
948 3987 1037 4041 histor.
1049 3989 1094 4043 lib.
1102 3990 1133 4043 V.
1146 4004 1203 4061 cap.
1212 3989 1337 4047 XXVIII
1350 3991 1411 4046 'Ier-

245 4060 344 4112 tullian.
357 4060 388 4110 de
400 4060 541 4128 paeniteat
553 4076 584 4111 ca
603 4058 667 4113 ,IX.
689 4058 842 4110 Ambrosius
858 4058 889 4109 cla
901 4058 1042 4138 paeniteat.
1054 4058 1099 4111 lib.
1108 4057 1140 4110 II.
1157 4074 1189 4110 ca
1208 4058 1260 4113 .X.
1281 4058 1412 4129 Nicepho-

246 4144 289 4180 rus
301 4128 422 4180 Callistus
435 4129 479 4182 lib.
488 4127 546 4179 XII.
559 4144 589 4179 ca
610 4125 746 4181 XXVIII.
763 4126 857 4179 llistor.
868 4126 979 4197 'tripart
990 4126 1034 4178 lib.
1043 4125 1086 4178 lV.
1098 4141 1129 4179 cs
1147 4169 1154 4180 .
1218 4126 1278 4182 XV.
1287 4126 1412 4183 Soranus·

245 4214 294 4248 nus
307 4197 350 4248 lib.
361 4195 415 4249 VII.
425 4212 480 4265 cap.
489 4195 560 4248 XVI.
603 4198 725 4263 'arouym
738 4196 770 4247 ad
781 4194 914 4247 Oceanum
923 4196 996 4265 epist
1004 4194 1095 4247 XXX.
1105 4143 1152 4249 soh.
1161 4194 1204 4249 85.
1224 4196 1347 4257 asulae
1355 4214 1412 4251 ere·

246 4268 322 4327 deret,
335 4265 460 4333 (loquitur
471 4265 503 4316 da
515 4265 693 4333 exomologesi
704 4264 838 4332 Fabiolae)
855 4274 883 4315 ut
894 4273 955 4332 post
970 4272 1070 4316 mortem
1087 4265 1193 4315 secundi
1209 4267 1264 4315 riri
1276 4268 1307 4317 in
1322 4274 1412 4319 met·

246 4338 326 4403 ipsum
337 4352 448 4395 reuersa,
461 4338 517 4401 (quo
527 4344 635 4401 tempore
643 4334 723 4383 solent
731 4334 823 4383 uiduae
832 4332 993 4399 replicantes,
1002 4336 1062 4400 iupa
1069 4336 1199 4384 seruitutis
1207 4350 1320 4398 menso,
1332 4352 1413 4403 apere

244 4420 271 4453 se
283 4402 400 4463 ls‘lserius,
417 4403 492 4453 adire
508 4402 625 4465 balmas,
642 4402 751 4452 uolitare
764 4417 815 4468 per
826 4402 942 4469 plateas,
960 4402 1042 4452 rullus
1058 4403 1226 4469 circumferre
1236 4406 1412 4469 snermiceos)

244 4488 346 4521 sace-rua
357 4471 478 4532 indueret,
491 4479 515 4520 et
522 4488 632 4522 errorem
641 4469 743 4537 publice
748 4472 893 4536 fateretur,-
906 4478 931 4519 et
941 4478 993 4521 tota
1002 4468 1064 4521 urbe
1070 4477 1202 4537 spectante
1210 4468 1339 4535 Romana,
1350 4482 1413 4525 anm

245 4540 310 4589 diem
323 4538 441 4590 Paschae
453 4542 479 4589 iu
491 4539 602 4589 basilica
614 4538 749 4597 Laterani,
761 4540 805 4605 qui
816 4536 976 4589 Caesariano
988 4545 1122 4589 truncatus
1132 4546 1170 4590 est
1178 4538 1277 4607 plodio,
1288 4548 1375 4593 stant
1383 4544 1410 4592 ia

244 4606 333 4657 ordine
340 4610 532 4675 poenitentium,
544 4610 668 4676 episcopo,
675 4604 841 4674 presbyteris,
850 4606 1048 4675 etomuipopuio
1057 4604 1323 4671 collachrimantihss;
1333 4624 1411 4679 spor·
