3046 5124
544 344 752 387 murmura
1166 349 1227 415 267

68 504 118 567 eet
130 500 172 567 de
186 500 326 567 secunda
339 499 561 586 generatione?
580 500 613 566 Si
629 501 669 566 de
684 505 796 587 spiritu
811 508 903 567 natus
918 508 983 584 est,
997 503 1149 587 baptizari
1164 524 1229 569 non

68 602 173 671 debet.
210 602 330 683 Quare?
350 608 424 688 quia
442 607 570 690 spiritus
591 611 718 670 sanctus
739 626 811 670 eum
831 606 905 669 feeit
925 605 1030 687 nasei,
1051 626 1115 669 non
1129 605 1226 671 libido

67 709 216 789 coniugii.
252 706 308 772 Sin
323 713 426 771 autem
444 707 481 771 de
497 710 638 790 coniugio
654 708 787 790 carnali,
807 708 840 771 id
859 714 908 771 ost
927 708 965 773 de
980 708 1119 773 masculo
1134 714 1166 773 et
1181 710 1195 772 l
1211 744 1226 757 -

66 812 170 892 mina,
190 815 288 874 restat
307 815 342 874 ut
356 809 438 875 unde
454 816 528 874 sunt
542 813 716 893 regenerati
732 811 770 875 de
787 810 909 877 christo
925 817 957 875 et
971 810 1119 892 ecclesie,
1138 832 1229 877 suam

67 914 184 979 iterum
198 918 382 995 regenerent
395 912 524 998 prolem.
560 914 607 979 De
626 916 727 998 primo
748 916 832 978 enim
847 920 896 978 est
908 913 1011 977 Adam
1027 913 1109 997 quod
1123 916 1226 979 nasci-

66 1036 153 1083 nint:
176 1015 214 1081 de
236 1015 373 1080 secundo
395 1021 501 1081 eutem
523 1015 605 1099 quod
627 1018 741 1081 iterum
762 1037 952 1099 recreamur,
975 1015 1098 1081 dicente
1120 1023 1227 1082 sancto

66 1119 225 1207 apostolo,
246 1116 383 1183 wactas
405 1131 449 1183 eat
464 1121 590 1204 primus
611 1119 699 1184 leomo
721 1120 830 1183 Adam
850 1121 885 1205 io
906 1122 1046 1184 eneruem
1065 1122 1229 1184 uiuentem:

66 1224 253 1289 mereamus
267 1220 377 1285 Adeon
396 1224 432 1286 io
451 1223 597 1307 spiritum
615 1223 830 1306 vivificantem.
869 1219 934 1287 Sed
950 1242 1014 1286 ecoe
1029 1225 1124 1308 prius
1144 1224 1230 1306 qood

66 1326 213 1413 spiritale
224 1335 276 1406 eet,
291 1326 347 1389 aed
357 1325 443 1410 qood
453 1326 598 1407 animale,
609 1326 719 1390 deiude
730 1326 816 1410 qood
825 1325 976 1410 spiritale.
999 1325 1128 1389 Poenus
1139 1324 1228 1391 heuto

68 1430 210 1495 dotem
229 1438 385 1508 terrenus,
406 1429 561 1492 recondes
582 1428 670 1493 horim
691 1429 728 1492 de
751 1428 836 1493 coelo
860 1428 1008 1491 caelestis.
1044 1427 1132 1513 Eupo
1146 1430 1229 1492 sieut

63 1533 264 1619 posteriores
279 1532 447 1615 iosap-inem
461 1533 586 1611 terre-rei,
602 1529 635 1595 id
650 1536 698 1594 est
712 1532 795 1594 sicut
809 1532 981 1623 creavimus
997 1529 1077 1595 lilios
1094 1529 1226 1594 carnali·

67 1638 127 1717 ter,
136 1644 297 1720 pertenues
313 1643 342 1697 et
354 1634 523 1718 canapinam
538 1634 686 1714 coelestia,
702 1632 734 1697 id
750 1639 799 1697 est
813 1653 890 1716 quos
906 1635 1078 1697 creavimus
1094 1632 1226 1697 earnali-

68 1742 127 1820 ter,
141 1734 325 1822 spiritaliter
339 1754 526 1817 recreemus,
541 1741 595 1799 aut
606 1737 667 1820 ipsi
679 1737 732 1819 qui
744 1734 910 1799 carnaliter
922 1737 1018 1801 creati
1030 1756 1138 1800 sumus
1150 1742 1227 1800 nutu

68 1841 233 1921 creatoris,
253 1841 367 1902 iterum
386 1839 452 1901 eius
472 1840 572 1919 gratia
593 1838 776 1923 spiritaliter
796 1859 979 1903 recreemur.
1016 1837 1104 1905 ⁴Hoc
1125 1850 1229 1903 cutem

68 1942 150 2023 dico,
165 1941 245 2005 dixit
258 1940 428 2026 apostolus,
443 1942 520 2026 quio
536 1962 611 2005 euro
626 1952 655 2004 et
667 1943 809 2026 respuas,
824 1941 857 2005 id
868 1946 916 2005 est
926 1943 1029 2026 prima
1039 1947 1162 2006 tentum
1172 1963 1225 2025 go-

67 2044 229 2111 neratione
243 2043 386 2110 homines
401 2045 482 2123 nati,
502 2045 563 2107 nisi
584 2045 715 2125 gratiam
736 2044 875 2108 divinam
894 2046 1065 2108 meruerint
1084 2045 1227 2130 adipisci,

67 2169 198 2235 regnem
212 2148 264 2212 dei
272 2149 411 2213 invenire
426 2168 489 2211 ooo
499 2158 642 2233 pereunt.
665 2145 777 2232 Neque
789 2149 950 2233 correptio
960 2149 1228 2233 incorruptionem

65 2249 244 2339 possidebit.

131 2353 362 2436 Oetogesimam
380 2357 412 2417 et
431 2372 547 2417 nonam
560 2352 715 2419 haeresim
728 2351 892 2418 Nestorius
907 2351 1226 2437 constantinopolites
1246 2382 1298 2434 cap.
1311 2382 1423 2424 rxrrrx.

69 2459 234 2545 epiecopus
249 2455 362 2540 legitur
378 2458 554 2520 incurrisse.
579 2455 776 2520 Consuetudo
789 2462 839 2521 est
852 2477 987 2541 namque
998 2462 1034 2520 ut
1047 2477 1145 2521 unum
1160 2463 1225 2522 tra·

69 2565 188 2627 oletum
202 2580 294 2624 suum
309 2561 473 2645 episcopus
487 2558 719 2623 Alexandrinus
734 2561 839 2623 mittat
858 2560 898 2623 ad
913 2559 1226 2646 Constantinopolim,

69 2664 124 2749 qui
138 2665 285 2728 recitetur
299 2665 333 2727 in
348 2662 480 2748 pascha,
501 2667 532 2725 et
547 2668 712 2727 tractatum
733 2684 824 2728 suum
840 2663 1158 2748 constantinopolites
1174 2666 1227 2748 qui

67 2765 276 2834 Alexandriae
296 2768 453 2831 recitetur.
489 2765 527 2830 In
547 2770 682 2831 tractatu
702 2788 758 2832 suo
775 2765 1093 2851 constantinopolites
1113 2768 1225 2834 Nesto·

67 2872 132 2937 rina
146 2872 272 2955 scripsit
286 2869 416 2935 Mariam
431 2888 494 2933 nou
511 2889 580 2934 esse
601 2868 783 2952 theotocon,
804 2869 859 2935 sed
874 2870 1106 2953 christotocon,
1125 2871 1158 2936 id
1179 2878 1227 2937 est

67 2994 131 3041 non
146 2974 240 3039 deum
253 2975 423 3059 peperisse,
438 2971 494 3036 sed
508 2972 678 3037 hominem.
709 2973 843 3057 cyrillus
856 2972 1088 3038 Alexandrinus
1103 2974 1161 3041 hoe
1177 2976 1225 3041 di-

67 3083 153 3145 ctum
167 3078 212 3142 ita
226 3074 443 3162 reprehendit,
464 3096 524 3159 quo
540 3075 659 3141 diceret
678 3097 733 3162 per
753 3075 933 3161 epistolam,
954 3082 988 3140 ut
1008 3078 1036 3141 si
1057 3098 1128 3143 eum
1147 3080 1226 3145 sorte

66 3180 245 3262 fefellisset,
265 3179 447 3245 emendaret
466 3177 593 3244 dietum.
630 3179 675 3244 lla
700 3180 758 3243 hoc
778 3182 846 3264 ipso
869 3200 929 3263 quo
949 3182 1157 3266 reprehensus
1177 3188 1226 3247 est

65 3284 229 3353 Nestorius
243 3304 263 3347 a
277 3282 407 3367 Cyrillo,
427 3284 530 3368 coepit
551 3281 700 3366 cyrillum
719 3283 912 3348 haereticum
931 3284 1110 3350 inclamare.
1146 3286 1227 3351 Data

66 3394 116 3455 eet
128 3386 265 3472 synodus
280 3385 363 3471 apud
379 3384 562 3471 ¹llphesum,
577 3392 608 3450 ot
623 3406 680 3451 nee
696 3387 741 3452 sie
757 3387 925 3452 emendare
939 3388 1038 3453 voluit
1052 3389 1226 3471 Nestorius,

66 3496 102 3557 nt
116 3490 234 3557 diceret
249 3490 379 3556 Mariam
401 3489 493 3553 deum
509 3496 541 3552 et
554 3488 713 3555 hominem
733 3492 895 3573 genuisse,
915 3492 972 3557 sed
986 3490 1097 3572 solum,
1112 3492 1225 3575 inquit,

65 3592 234 3661 hominem.
257 3591 291 3656 Si
306 3595 391 3656 enim
406 3593 576 3658 dixerimus
592 3595 665 3677 quia
680 3593 774 3659 deum
788 3596 913 3677 genuit,
928 3595 1059 3666 [ecimus
1075 3592 1225 3658 ²matrcm

66 3698 206 3779 deorum,
218 3699 299 3762 sicut
310 3696 451 3779 gentiles.
474 3696 573 3760 Maria
584 3717 666 3779 ergo,
678 3699 790 3781 inquit,
802 3697 953 3783 templum
966 3697 1023 3762 deo
1034 3699 1151 3779 genuit,
1162 3719 1225 3762 non

65 3804 169 3889 ipsum
184 3800 285 3885 quiin
301 3799 416 3884 templo
436 3799 566 3865 habitat.
603 3801 736 3886 Accepit
755 3801 912 3883 inducias,
932 3806 968 3864 ut
988 3805 1044 3864 aut
1064 3800 1225 3865 damnaret

66 3904 184 3971 dictum
199 3909 230 3968 et
245 3901 360 3969 rediret
375 3902 415 3967 ad
430 3903 536 3967 sedem
552 3923 640 3968 suam
652 3906 827 3990 episcopus,
842 3908 895 3967 aut
907 3906 932 3968 si
946 3903 1093 3968 damnare
1105 3904 1223 3968 noluis-

65 4014 126 4092 set,
138 4013 248 4095 postea
264 4006 363 4070 redire
379 4026 442 4070 non
457 4012 572 4091 posset.
594 4007 711 4090 Noluit,
726 4015 758 4071 et
772 4010 805 4070 in
821 4006 930 4070 eadem
941 4006 1136 4089 consessione
1151 4028 1223 4093 per-

65 4113 191 4177 mansit.
227 4109 318 4175 llunc
333 4109 472 4193 synodus
489 4110 573 4194 apud
586 4109 745 4195 Ephesum
760 4110 932 4174 damnavit.
966 4109 1002 4173 lu
1018 4131 1078 4194 qna
1093 4110 1222 4175 damna-

65 4217 151 4281 tione
166 4214 324 4279 Romanus
339 4232 422 4297 papa
437 4212 631 4277 Caelestinus
647 4213 831 4298 scripsit-et
845 4231 953 4277 onmes
969 4234 1040 4277 cum
1055 4234 1091 4280 eo
1106 4215 1224 4300 pariter

67 4315 233 4385 orientales
248 4322 341 4399 atque
357 4314 566 4380 occidentales
582 4318 720 4401 episcopi
735 4314 995 4400 subscripserunt

128 4420 337 4504 Nonagesima
355 4417 508 4499 haeresia,
529 4439 621 4503 quam
641 4423 675 4484 in
693 4418 883 4505 praelatione
904 4426 1010 4495 nostra
1030 4419 1165 4486 diximus
1185 4421 1223 4486 de
1242 4428 1292 4482 Cen
1306 4430 1347 4470 xc·

65 4526 191 4591 nominc
210 4524 378 4606 Augustini
398 4523 537 4608 episcopi
556 4541 625 4587 esse
646 4524 826 4603 mentitam,
845 4521 1150 4591 Praedestinatorum
1165 4547 1222 4592 no·

132 4674 158 4730 3.
169 4673 182 4729 1
193 4672 307 4729 corinth.
319 4674 377 4729 XV.
389 4674 431 4730 45.
483 4674 507 4728 4.
523 4672 535 4727 l
547 4672 662 4729 Corinth.
672 4674 731 4731 XV.
742 4673 784 4730 50.

133 4742 402 4814 oapnxxxrn-
432 4744 454 4797 l.
469 4741 681 4819 Thessalonicpm
691 4743 827 4814 ildrico.
878 4745 1221 4818 2.nratremdeiMS.Aeg.
