3046 5124
546 346 587 389 ΒΕ
598 345 775 389 manemus
787 345 880 389 muss-
1250 350 1291 417 8⁸1

135 502 311 591 hominibus
326 502 555 590 blasphemiam
574 506 608 569 in
627 507 774 589 spiritum
793 508 937 568 sanetum
951 502 1242 589 blasphemantibus
1257 509 1292 569 et

135 607 416 693 perseverantibus,
430 627 530 692 neque
541 606 592 671 hie
604 626 705 690 neque
719 610 754 671 in
767 604 911 671 ³sutum?
932 606 1062 690 Propter
1074 606 1157 690 quod
1169 612 1292 671 constat

134 718 162 775 ot
173 710 293 775 ‘istum
306 730 377 775 esse
392 710 592 792 haereticum,
608 712 669 774 imo
685 713 789 795 potius
805 708 883 773 nihil
898 711 993 791 seire,
1015 711 1068 793 qui
1088 730 1141 775 eos
1156 708 1288 775 lauden·

133 811 196 895 dos,
210 832 277 878 uon
293 812 515 897 vituperandos
530 818 562 877 et
576 813 766 877 abiiciendos
782 812 974 877 iudicaverit.

188 913 266 979 Alia
279 920 330 978 est
342 914 480 979 haeresis
495 935 574 999 quae
590 916 667 979 dicit
678 915 873 979 divinitatem
885 914 1022 979 doluisse
1029 924 1051 996 ⁸,
1066 934 1139 978 eum
1150 935 1220 979 earo
1231 936 1288 1001 pa·
1307 941 1430 994 ceaxcrr.

131 1022 248 1083 teretur
261 1019 296 1081 iri
312 1038 403 1081 eruee
419 1021 583 1082 coniuncte
598 1018 765 1099 divinitati,
781 1017 904 1081 lerrans
921 1019 954 1081 in
968 1037 1005 1080 eo
1017 1016 1100 1101 quod
1110 1037 1174 1081 non
1190 1017 1290 1083 solum

131 1118 281 1185 divinitus
294 1123 362 1205 pati
376 1142 438 1185 non
452 1127 557 1205 petest
568 1120 765 1201 naturaliter,
785 1141 843 1185 nee
858 1121 976 1201 teneri,
992 1140 1092 1203 neque
1107 1118 1218 1203 videri,
1233 1142 1289 1185 vo-

131 1242 198 1287 rum
217 1224 317 1285 etiam
336 1243 394 1288 nee
415 1225 521 1287 anima
540 1224 693 1303 heminis,
713 1243 790 1307 quae
811 1222 903 1286 adeo
918 1223 1000 1286 laeta
1014 1228 1078 1304 est,
1094 1222 1217 1287 dicente
1234 1222 1289 1288 de·

130 1324 251 1406 minoi,
271 1323 378 1390 Nolite
389 1328 494 1389 tiireere
508 1348 558 1389 eos
574 1328 632 1411 qui
645 1326 791 1389 occidunt
806 1347 933 1410 cerpus,
953 1328 1092 1389 animane
1111 1337 1291 1390 autemnon

126 1438 262 1513 mussat
276 1430 426 1511 neddere,
441 1429 497 1492 sed
509 1430 609 1493 timete
620 1428 702 1492 laune
711 1430 831 1513 pet-ius,
846 1429 903 1512 qai
911 1439 1014 1513 petest
1028 1429 1167 1492 eitimam
1177 1439 1207 1492 et
1221 1451 1290 1493 cor·

128 1552 187 1617 pes
195 1531 335 1617 perdere
349 1532 383 1593 ia
394 1530 575 1617 podiensem.
612 1529 625 1569 ²
630 1530 743 1595 Errant
761 1533 866 1613 itaque
886 1530 988 1594 medis
1010 1530 1155 1595 omnibus
1171 1534 1226 1615 qui
1241 1532 1289 1597 di·

131 1638 205 1697 eunt
218 1632 417 1697 divinitatem
434 1634 550 1698 Christi
565 1654 633 1697 esse
648 1634 778 1697 ³nature
792 1631 985 1717 passibilem,
1000 1638 1032 1695 et
1042 1635 1137 1717 impie
1150 1637 1292 1699 sentiunt

132 1734 339 1801 dedoluisse
354 1742 407 1799 aut
426 1736 550 1799 sseuisse
572 1742 627 1800 aut
640 1736 862 1817 *ingemuisse3
882 1737 986 1819 passio
1008 1737 1093 1798 enim
1108 1734 1225 1800 Christi
1241 1744 1290 1800 est

131 1836 518 1919 mmhs,⁵natura1nor0
533 1859 594 1902 nen
611 1837 774 1901 divinit-ate
791 1837 923 1901 dolente.
946 1836 1079 1920 Ideoque
1094 1858 1159 1902 non
1175 1860 1288 1921 eogno-

130 1941 275 2007 seebatur
289 1962 310 2004 a
322 1940 445 2005 ludaeis
461 1942 514 2024 qui
529 1947 595 2003 erat
610 1943 642 2003 in
658 1960 750 2004 earne
766 1939 909 2025 passibili
923 1939 1089 2023 loquendo,
1106 1943 1158 2023 qui
1171 1940 1208 2005 de
1221 1941 1288 2024 lege

130 2050 159 2109 at
170 2043 336 2129 prophetis
352 2043 429 2107 deus
443 2063 535 2105 verus
552 2042 769 2123 nuntiabatur,
791 2041 955 2126 palamque
977 2045 1009 2105 iu
1031 2062 1123 2106 carne
1139 2050 1289 2108 venturus

129 2144 386 2233 ‘praedicabatur
402 2144 523 2209 dicente
539 2145 725 2230 prophotad:
753 2144 842 2209 Deae
857 2146 971 2229 periura
989 2146 1104 2219 uenien-
1125 2151 1157 2207 et
1175 2148 1289 2211 iterum

129 2246 258 2315 'eedem
271 2248 424 2333 propheta
436 2247 573 2312 David⁰:
598 2247 752 2312 Dominus
762 2270 843 2333 pers
858 2247 1171 2327 haereditabimus,
1192 2259 1221 2311 et
1235 2272 1287 2312 ea·

129 2352 197 2417 lieris
210 2352 282 2415 mei.
307 2350 367 2429 Qui
381 2356 430 2415 est
444 2352 528 2413 enim
544 2348 625 2413 calis
640 2352 701 2413 nisi
717 2352 784 2413 eius
798 2346 939 2434 passiof?
954 2352 1007 2433 qui
1022 2355 1127 2413 tantae
1139 2348 1289 2415 bonitatis

129 2474 243 2521 munus
259 2458 292 2517 et
305 2452 488 2517 elementiae
503 2452 639 2517 huma'ne
654 2455 760 2534 generi
776 2452 939 2515 conserens
954 2454 993 2516 ab
1009 2451 1192 2517 Iudaeorum
1209 2454 1287 2519 8ini·

130 2559 281 2643 quissime
300 2556 500 2638 ignorabatur
519 2554 643 2640 populo.
679 2556 795 2619 Passus
821 2558 924 2639 itaque
946 2561 995 2619 est
1020 2576 1114 2620 carne
1135 2556 1289 2641 passibili,

129 2658 210 2727 ’nen
224 2658 406 2739 divinitate,
421 2657 604 2722 naturaliter
619 2657 819 2743 impassibili,
840 2661 893 2741 qui
909 2664 940 2721 st
955 2660 1157 2741 ¹⁰agnoseitur
1172 2668 1204 2723 et
1218 2681 1286 2726 cre·

129 2762 212 2831 ditur
225 2782 292 2827 uon
306 2760 462 2826 1¹absente
478 2770 583 2824 tamen
597 2761 776 2843 divinitate,
791 2761 847 2824 sed
864 2759 1059 2826 ¹²eoniunctu
1074 2783 1145 2826 oum
1160 2784 1288 2848 corpore

128 2868 246 2953 pariter
259 2871 387 2950 propter
400 2866 584 2946 mysterium
599 2866 898 2929 consummationis⁸
913 2871 1064 2928 statutum
1075 2886 1111 2930 ae
1124 2865 1289 2933 definitum

128 2973 230 3035 autea
263 2967 353 3045 Quod
372 2970 475 3033 sciens
495 2967 654 3053 apostolus
674 2989 738 3033 non
759 2969 915 3052 separavit
935 2969 968 3032 in
983 2988 1073 3032 eruce
1090 2968 1287 3036 divinitatem

192 3134 219 3191 3.
230 3134 347 3189 iutumm
360 3136 394 3190 A.
444 3137 469 3191 4.
481 3137 578 3190 iustum
591 3137 612 3189 b.

193 3204 258 3275 Gap.
269 3204 350 3257 XCII.
360 3206 451 3257 ioobc.
463 3210 610 3275 inscriptum
623 3204 745 3257 hoberDrr
755 3221 907 3258 urrrurrers
918 3220 1023 3259 currsrr
1031 3223 1206 3262 assessin—
1216 3208 1238 3261 l.
1247 3225 1286 3263 er·

125 3278 214 3329 rantes
225 3272 342 3343 quode.
393 3272 571 3338 &Erant‘lla
623 3274 646 3326 3.
659 3280 778 3326 naturam
790 3275 823 3325 A.
876 3274 900 3327 4.
912 3275 1044 3343 gemuisse
1062 3277 1095 3329 Α.
1146 3276 1170 3329 5.
1183 3283 1285 3331 natura·

124 3342 380 3405 biuemanene.
433 3342 457 3396 b.
474 3342 682 3423 praedicaturA.
735 3342 759 3396 7.
777 3343 986 3395 sodomorum.
1038 3343 1061 3399 8.
1079 3347 1238 3415 nequissimo
1252 3348 1285 3399 A.

126 3410 151 3467 9.
161 3411 305 3475 divinitate,
317 3410 468 3463 natmaliter
479 3411 634 3480 impassibili
645 3430 690 3462 om.
703 3410 737 3462 Α.
792 3410 830 3466 10.
842 3411 986 3481 ignoscitur
997 3414 1031 3467 A.
1079 3414 1117 3468 ll.
1129 3414 1236 3468 absente
1248 3421 1285 3467 ta·

126 3496 188 3535 mers
198 3478 342 3542 divinitate,
354 3478 400 3533 sed
412 3498 458 3532 om.
471 3480 505 3532 A.
558 3479 596 3532 12.
608 3480 697 3533 iuncta
708 3480 742 3534 A.

159 3649 378 3723 Capitoli-a
389 3650 549 3703 divinitatem
559 3651 682 3719 doluisse]
750 3669 771 3705 c.
783 3653 1026 3721 naturalitercarne]
1037 3652 1198 3707 Vocabulum
1208 3672 1286 3707 carae

124 3720 204 3775 Error
214 3718 256 3773 bie
268 3724 373 3772 notetus
385 3721 557 3789 speciatimin
575 3722 619 3785 iis,
637 3722 683 3790 qui
732 3721 847 3785 adiunxi,
860 3723 1176 3792 sensuilludrequirents.
1212 3722 1268 3788 (F.)

124 3788 599 3845 sChristoesrnemsiueauimasusce
618 3794 680 3855 tam,
765 3788 789 3840 d.
807 3790 942 3859 propheta]
958 3790 1025 3843 Psal
1036 3791 1065 3844 L.
1077 3790 1101 3843 3.
1125 3789 1189 3855 „aiis
1205 3787 1218 3840 ὁ
1233 3790 1284 3850 θεὸς

124 3858 221 3913 aleco
236 3857 338 3911 animas
352 3856 435 3910 luis
450 3858 488 3910 illi
499 3857 530 3908 λό
549 3875 575 3908 ον
606 3875 680 3910 ocus·
731 3856 801 3927 ἡμῶν
815 3858 894 3910 καὶού
908 3857 1146 3928 παρασιωπήσεται.”
1181 3858 1237 3924 (F.)

124 3932 193 3993 mut,
206 3930 236 3979 ut
246 3924 302 3977 dixi
312 3934 392 3994 supra
403 3924 436 3977 ad
448 3943 469 3978 c.
477 3926 516 3978 69.
530 3877 680 3996 'lheopene-
765 3943 786 3978 o.
804 3926 898 3994 liarid]
919 3928 987 3980 Psal.
998 3927 1068 3982 Xl'l.
1080 3926 1104 3980 5.
1123 3925 1224 3995 ,Κύριος
1242 3945 1284 3997 με·

124 4000 165 4049 tas
177 4000 254 4047 voest
264 3995 362 4046 Auctor
372 3993 558 4047 Praedestinati
570 4012 625 4064 cap.
639 3994 679 4075 3³·
732 3994 766 4065 pir
778 3998 819 4060 τῆς
833 3994 996 4065 κληρονομίας
1008 4013 1054 4065 μου
1065 3994 1156 4045 καὶτοῦ
1167 3994 1282 4064 ποτηρίου

123 4060 334 4185 'l'beepfissirnos
351 4061 472 4115 Danseus
493 4062 525 4114 ad
542 4064 680 4132 Augustis.
731 4063 803 4135 μου.”
837 4064 893 4131 (lv.)

124 4130 197 4185 aea
233 4128 355 4201 ieepbero
363 4130 422 4184 XV.
429 4130 469 4184 ⁶28.
480 4132 590 4202 aliisque
598 4131 679 4186 Theo·
764 4133 781 4185 f.
795 4132 844 4195 Qui
853 4130 1283 4256 estenimealixnisieiusffisxipi]

123 4198 266 4273 pssehitse.
300 4198 358 4264 (F.)
730 4201 771 4254 lix
782 4199 1000 4255 Marenfflr.
1024 4198 1118 4251 Confer
1134 4200 1160 4254 S.
1238 4203 1244 4215 '
1273 4220 1282 4257 1

730 4270 814 4341 Opera
825 4269 854 4320 T.
869 4268 890 4320 1.
900 4285 926 4348 p.
939 4268 979 4320 73.
991 4283 1045 4338 seq.
1080 4269 1137 4337 (F.)

157 4336 184 4391 b.
200 4335 302 4391 dicente
314 4334 432 4402 domiuo]
442 4335 533 4389 Matth.
543 4337 576 4390 X.
586 4337 627 4391 28.
638 4338 679 4392 lix
763 4354 789 4407 g.
800 4342 951 4406 mysterium
960 4338 1202 4408 consummationis]
1212 4340 1283 4395 lnira

123 4404 174 4461 llos
184 4404 243 4459 loeo
254 4410 345 4459 tamem
359 4406 428 4457 male
445 4406 544 4471 colligit
553 4405 680 4460 Philaster
730 4407 778 4458 hoe
791 4406 887 4475 capite:
906 4405 1068 4473 „iliyeterium
1084 4418 1185 4461 nostrae
1200 4430 1281 4463 caasa

124 4473 468 4529 uimdoiorinonesse
485 4474 637 4540 obnoxiam,
654 4481 680 4528 et
729 4477 820 4527 salutes
843 4476 1060 4527 consummabatur
1083 4497 1101 4529 α
1124 4480 1234 4542 domium
1254 4488 1282 4530 at

124 4542 240 4599 animm
251 4541 349 4597 Christi
360 4542 472 4594 doluisse
484 4541 493 4592 i
512 4557 540 4592 se
552 4557 574 4593 e.
587 4541 627 4596 69.
641 4560 680 4597 re·
748 4544 805 4594 lene
815 4544 922 4595 devictio
927 4545 999 4603 fieret
1005 4546 1278 4604 iaimiei.'‘llxlohann.

124 4608 462 4671 musarmtullatth.
521 4608 680 4678 VL38.(F.)
814 4610 856 4666 30.
869 4610 1044 4679 „terdena”
1077 4614 1135 4683 (F.)
