3046 5124
543 377 581 418 na
595 378 874 419 nsumsmusmsnu
1244 378 1284 442 79

128 534 212 599 mino
231 532 475 599 desiderandam
492 536 654 599 victoriam
675 534 817 619 adipisci.
854 533 891 596 In
914 530 1037 596 Christo
1059 534 1143 595 enim
1165 536 1197 595 et
1217 534 1284 595 aius

129 636 295 701 clementia
313 642 345 698 et
365 638 485 700 iustitia
503 636 552 701 ⁸et
571 636 695 700 bonitas
715 640 843 721 propter
862 638 1028 719 peccantes
1043 640 1076 697 et
1088 637 1284 719 poenitantes

129 738 271 804 abundat
284 737 435 823 quotidie,
449 745 486 803 ut
498 738 633 803 Paulus*
648 743 780 801 testatus
796 737 834 801 da
849 737 911 800 illis
927 742 976 800 est
990 738 1044 819 qui
1058 738 1177 820 peccati
1192 757 1285 801 causa

127 862 189 907 nou
204 847 337 925 egerent
348 843 583 925 poenitentiam,
597 847 633 904 ut
645 840 724 904 dixit
734 842 768 904 in
778 860 835 904 sua
847 838 990 923 epistola:
1009 836 1086 918 Quia
1096 839 1285 921 infrenatur,

127 954 155 1009 st
167 966 225 1031 eqo
238 965 306 1009 non
319 944 480 1025 infimos?
500 948 532 1007 ct
545 963 667 1007 rursum
676 942 697 1005 ¹:
718 941 768 1006 Ne
786 942 910 1005 neniam
924 943 969 1004 nd
981 963 1049 1022 eoa,
1070 951 1099 1004 et
1112 942 1225 1005 mnam
1237 963 1286 1005 sne

127 1046 268 1112 hialin
281 1046 425 1110 donnnus
438 1052 565 1130 propter·
581 1043 748 1128 quosdam,
763 1047 817 1127 qui
831 1064 893 1107 non
909 1048 1039 1125 egerunt
1051 1045 1284 1127 poeniteutiam.

126 1146 164 1215 Et
175 1148 291 1215 Petrus
311 1146 471 1233 apostolus
491 1168 580 1231 mago
600 1147 738 1211 ⁹Simoni
757 1146 892 1210 dixerat:
917 1145 989 1231 Ape
1001 1147 1239 1233 poenitentiam,
1258 1147 1288 1208 ei

80 1278 87 1295 ·
128 1272 189 1337 pao
207 1251 303 1315 modo
328 1251 505 1313 dimittat-nr
527 1248 586 1313 tibi
605 1250 691 1334 qnod
700 1250 820 1334 fecisti.
861 1247 900 1311 Et
917 1247 1032 1311 Paulus
1052 1267 1144 1330 quem
1162 1248 1285 1312 abiece-

126 1360 204 1419 rat·
217 1372 293 1418 eum
306 1353 424 1436 suscipi
439 1358 512 1437 post
524 1357 650 1436 tempus
665 1354 778 1415 iterum
793 1349 916 1413 ¹⁰iubet.
949 1350 1159 1413 Amissionom
1179 1352 1284 1434 itaque

128 1454 309 1539 diguitatisn
323 1459 456 1539 possunt
469 1456 590 1538 perpeti
604 1452 701 1535 tales,
720 1473 784 1517 non
803 1452 1023 1516 detrimentum
1043 1452 1167 1533 salutis,
1187 1458 1222 1515 ut
1241 1455 1286 1516 ait

128 1556 308 1625 dominus⁰:
323 1556 446 1621 Multae
458 1558 634 1619 mansiones
647 1566 721 1619 eunt
734 1555 823 1639 apud
829 1565 957 1639 patrem
968 1577 1078 1618 nucum.

189 1660 435 1726 ¹Montanistae⁸
449 1664 524 1722 sunt
539 1660 592 1741 qui
610 1657 822 1742 rebaptizantb
842 1659 868 1719 si
888 1677 963 1739 quos
983 1657 1165 1721 seduxerint
1182 1658 1282 1722 homi·
1301 1665 1351 1716 0⁸11·
1364 1664 1479 1705 mm·

128 1782 195 1845 uos,
209 1768 243 1825 ct
257 1781 353 1846 supra
368 1759 556 1845 baptismum
572 1759 722 1823 ecclcsiae
739 1758 906 1823 catholicae
922 1758 1007 1823 aliud
1022 1780 1113 1823 suum
1130 1760 1284 1845 baptisma

128 1862 342 1929 ’insanientes
357 1865 571 1949 promittunts
582 1864 636 1945 qui
651 1868 682 1925 ct
696 1862 864 1927 Donatieni
880 1863 1026 1928 dicuntur
1040 1883 1059 1924 a
1074 1861 1208 1945 quodam
1222 1863 1285 1928 Do-

128 1974 201 2033 nato
219 1968 255 2030 in
274 1965 401 2031 Atrica⁰
422 1967 605 2045 constituto,
626 1966 678 2047 qui
696 1964 778 2028 hauc
799 1962 954 2028 haeresim
976 1966 1156 2043 seminavit3
1179 1967 1232 2049 qui
1255 1972 1287 2029 et

192 2132 218 2187 8.
236 2140 264 2187 et
272 2133 376 2186 bonitas
388 2134 421 2186 A.
434 2133 536 2186 bonitas
548 2139 574 2186 et
584 2134 682 2201 reliqui.
739 2133 763 2186 9.
781 2131 872 2184 Simon
885 2132 907 2183 b.
961 2132 998 2185 10.
1016 2132 1149 2188 iubeatA.

192 2201 256 2273 Gap.
266 2201 414 2255 LXXXIII.
431 2207 459 2253 ιἰι
476 2202 556 2255 Babc.
575 2205 726 2270 inscriptura
743 2211 780 2252 est
795 2201 992 2254 Mouusatsusu.
1005 2231 1038 2239 —
1064 2202 1085 2253 l.
1097 2201 1147 2254 Alii
1159 2206 1220 2254 sunt
1230 2202 1285 2254 Mo·

127 2276 215 2325 uastos
227 2270 274 2341 qui
285 2271 320 2324 A.
371 2270 395 2322 2.
405 2269 540 2324 insaniunt
549 2270 727 2340 promittentes
740 2269 773 2321 Α.

126 2442 235 2495 demum
245 2445 396 2494 auctoratus
404 2440 489 2494 iuerat
496 2441 588 2495 militia
596 2440 683 2494 adrer-
768 2437 1037 2508 usp.Lxxxl11.-
1059 2455 1082 2491 a
1099 2439 1286 2507 Montanistaa]

128 2510 327 2563 eusdiabolum.
367 2509 425 2573 (F.)
732 2507 882 2559 Monteuses
905 2508 1027 2577 appellati
1049 2514 1112 2560 sunt
1129 2507 1287 2573 Donatistae,

158 2577 186 2633 k
202 2578 312 2661 Paulus]
329 2577 353 2629 2.
363 2576 420 2630 Gor.
432 2577 478 2630 xl.
490 2577 531 2630 29.
551 2576 600 2643 ,τίς
612 2574 682 2628 date·
733 2575 1287 2657 quodecelesiamiiomaeprimuminmonte

127 2650 175 2713 eti,
186 2645 286 2699 saiada
297 2646 419 2715 ussup
454 2646 510 2711 (F.)
731 2643 826 2725 habers
837 2650 984 2733 opeperput,
1004 2652 1034 2697 ut
1044 2650 1153 2742 testatpr
1162 2646 1287 2726 Hierony-

126 2713 547 2852 „aauructttct
562 2712 682 2850 {aas
731 2712 1287 2850 casamassancia

126 2851 188 2922 πρὸς
199 2850 262 2921 ὑμᾶς
274 2850 314 2902 καὶ
325 2850 437 2916 πενθήσω
447 2837 556 2909 πολλοὺς
565 2853 613 2900 τῶν
623 2868 683 2919 προ·
734 2852 800 2917 quod
810 2859 918 2918 tempore
951 2854 1112 2902 crescentionis
1126 2855 1154 2901 in
1165 2853 1288 2903 montibus

193 2918 363 3008 metropopei
378 2917 412 2988 μὴ
430 2916 629 2998 pertremiscere
645 2916 683 2968 ἐπί
734 2919 884 2972 latuerunt.''
940 2924 1062 2997 outsnsss
1079 2918 1199 2971 dicuutur
1209 2921 1287 3000 etiam

125 2986 683 3127 tutt‘tttitttttpttttt
733 2985 1288 3123 ttttittttittstsistatis

125 3124 265 3179 confluit.
299 3123 357 3188 (F.)
730 3126 830 3191 pitani,
864 3122 977 3175 uomodo
994 3123 1073 3176 etiam
1107 3140 1135 3176 ro
1149 3123 1288 3194 Gutturnpr'-

158 3210 195 3246 m.
212 3208 293 3262 quern
308 3191 447 3258 abiecerat]
471 3191 554 3254 Quam
571 3190 683 3243 Satanae
735 3194 803 3270 tanis
813 3138 914 3242 videor
928 3192 952 3243 le
972 3190 1067 3244 endum
1098 3192 1159 3272 pist
1171 3190 1212 3245 53.
1225 3194 1287 3260 [ret

124 3260 268 3341 tradiderat
281 3260 302 3313 1.
314 3259 372 3341 Cor.
385 3260 416 3313 V.
428 3262 461 3340 42⁹
479 3277 539 3313 eum
550 3265 610 3340 post
621 3277 683 3339 poe·
734 3258 795 3338 edit.
808 3258 875 3326 165.)
900 3258 938 3339 De
983 3260 1118 3313 ontanistus
1138 3260 1196 3313 aliia
1213 3262 1287 3315 Mou-

124 3331 251 3383 nitentrae
265 3332 430 3382 testationem
447 3334 541 3381 lterum
556 3328 682 3398 recrprti.
733 3332 789 3378 tam
803 3328 973 3380 sectatorrbus
985 3344 1064 3449 snpra
1075 3344 1097 3381 c.
1109 3328 1150 3381 49.
1185 3329 1243 3392 (F.)

125 3396 266 3461 Consti,
300 3396 359 3460 (F.)
771 3395 796 3447 b.
814 3395 985 3466 rebaptizant]
1035 3396 1075 3449 ide
1086 3397 1117 3450 D.
1129 3395 1193 3451 Tho.
1205 3397 1289 3467 Ittigii

158 3465 372 3519 admissionem
382 3465 470 3533 itaque
479 3464 624 3533 dignitatis]
634 3464 683 3516 Re·
732 3463 872 3517 Historiam
900 3462 1053 3517 Schismatis
1083 3465 1287 3530 Donatistarum,

123 3533 249 3589 movendi
263 3532 379 3586 scandali
395 3548 475 3586 causa
491 3550 525 3584 ex
540 3550 591 3585 usu
602 3534 683 3585 eccle·
733 3531 876 3585 subiectam
888 3534 972 3585 eiusa
1040 3533 1091 3587 dici
1106 3533 1168 3587 diss.
1185 3533 1216 3586 de
1227 3533 1287 3586 has·

124 3603 183 3657 eise
202 3602 298 3655 veteris
315 3601 401 3654 clerici
423 3601 456 3653 ad
473 3601 682 3654 communionem
733 3599 868 3653 resiarchis
887 3600 945 3667 §.G
1024 3616 1097 3673 aeq.
1114 3607 1141 3655 et
1157 3617 1224 3670 quae
1240 3602 1289 3655 viri

124 3670 310 3741 redIgebantur
320 3670 422 3734 laicam,
438 3669 682 3721 etexcidebantsa·
734 3668 802 3722 docti
823 3668 856 3721 ad
878 3668 1009 3741 Optatam,
1026 3675 1103 3740 atqua
1125 3676 1225 3723 tomum
1239 3669 1287 3723 lx,

123 3739 177 3793 eris
193 3738 328 3792 ordinibus
342 3738 490 3808 quicunque
506 3737 681 3857 adposuiteu·
734 3736 846 3807 Operum
857 3738 998 3808 Augustini
1013 3738 1074 3793 edit.
1087 3753 1177 3791 novas.
1213 3738 1271 3803 (F.)

123 3808 190 3861 flam
208 3806 341 3877 publicam
365 3805 396 3858 de
416 3807 492 3875 lapsu
512 3822 542 3858 ve
575 3805 682 3859 crimine
767 3822 788 3857 c.
806 3806 946 3876 aquodam
956 3806 1057 3860 Donato
1069 3807 1097 3859 in
1107 3806 1206 3872 Africa]
1228 3806 1287 3858 Duo

123 3876 245 3945 vadere
255 3873 470 3937 admittebantur,
485 3879 515 3926 ut
530 3875 620 3927 multis
637 3891 682 3927 ne·
732 3873 835 3939 Donati,
847 3890 915 3928 unus
928 3874 1047 3928 casensis
1065 3875 1119 3927 sire
1131 3890 1146 3926 a
1158 3872 1231 3926 Oasis
1249 3875 1287 3927 ni·

123 3948 215 3997 munt
225 3942 330 3997 Gabriel
340 3942 529 4012 albaspinaeus
541 3948 568 3995 et
578 3942 614 3995 lo.
626 3943 682 3995 Mo·
732 3942 794 4012 gris,
806 3948 833 3995 et
843 3943 907 3995 alter
918 3941 1137 4012 Carthaginiensis
1149 3942 1227 4011 episc.
1235 3942 1287 3995 Do-

123 4012 198 4065 riuus
217 4012 246 4065 iu
265 4010 487 4063 lucubrationibus
531 4027 579 4064 uas
604 4027 683 4081 supra
732 4017 945 4080 natusmagnns:
958 4008 1286 4082 amboSdrismatisergo-

122 4079 236 4133 laudavi.
262 4078 316 4133 sad
331 4078 381 4131 boo
396 4080 453 4132 loco
469 4078 490 4130 P
510 4080 621 4132 'senius
636 4096 683 4149 per
733 4080 840 4143 dioctae,
858 4080 904 4132 sed
919 4078 1040 4132 Gaseusis
1055 4079 1099 4132 iile
1114 4078 1197 4148 prior,
1218 4081 1287 4134 unde

124 4148 281 4219 dignitatem
291 4147 478 4200 minitandi).
491 4148 613 4217 intelligit
624 4164 683 4216 gra·
731 4148 893 4217 Augustinus
904 4147 1010 4201 Haeresi
1019 4144 1059 4199 69.
1077 4147 1239 4207 ,Donattnns'
1247 4151 1289 4203 oet

124 4216 363 4271 dummaioremin
379 4215 484 4268 caelesti
499 4217 590 4281 gloria.
626 4216 682 4280 (F.)
733 4217 887 4268 Donatistae
908 4225 966 4266 sunt
981 4246 1014 4255 -
1031 4246 1065 4254 -
1081 4215 1155 4268 buius
1174 4218 1288 4271 tenena

159 4302 184 4339 o.
201 4290 231 4338 ut
241 4283 422 4351 antoninus]
438 4283 474 4336 lo.
484 4284 587 4338 uiui.
601 4282 682 4350 ,turri
727 4288 871 4354 princepem
894 4287 1033 4352 accsptmus
1048 4288 1132 4353 finisse
1151 4286 1287 4352 Donatum,

124 4350 191 4425 cuiq
199 4356 244 4406 τοῦ
252 4352 347 4422 πατρός
360 4370 407 4422 μου
417 4351 489 4422 possi
497 4351 589 4404 πολλαί
600 4340 682 4421 εἰσιν,”
733 4356 777 4420 poi
788 4354 818 4403 dc
829 4351 955 4403 lt'ume‘dr‘n
970 4356 1071 4405 ueniens
1086 4362 1210 4408 utcontra
1223 4356 1286 4408 Cne-

124 4422 303 4493 quemloeum
318 4436 374 4474 non
384 4420 462 4473 modo
474 4419 506 4472 de
516 4421 683 4474 mansionum
734 4422 856 4472 cilionem
870 4419 1042 4473 Christianam
1059 4424 1174 4475 dicddena
1180 4426 1285 4494 plebem,

125 4491 277 4543 caelestium
299 4488 473 4552 multitudine,
491 4488 631 4542 sedetiam
652 4490 683 4543 de
734 4488 922 4541 adiunctione·
935 4491 1176 4559 einedemsaeo'om‘s
1191 4497 1286 4563 misce·

124 4559 276 4613 diversitate
294 4556 423 4628 graduum
444 4557 538 4609 voterit
558 4558 682 4612 meletias
729 4556 947 4626 psalteterium
963 4561 1034 4628 apud
1049 4559 1231 4630 Cortboqs'ncm
1246 4580 1286 4613 or·

125 4626 245 4683 menne
255 4634 419 4697 aeceperunt.
452 4624 509 4690 (F.)
733 4628 834 4679 tinent
847 4630 996 4697 episcopum.
1025 4628 1074 4682 Oai
1087 4629 1218 4684 Materiae
1234 4629 1286 4683 Do-
