3046 5124
311 361 373 426 218
816 357 969 401 sueonum

312 515 442 580 suadere
457 514 649 598 disiungens,
664 522 696 577 et
710 517 793 579 viros
808 513 1018 578 anelantibus
1036 514 1173 596 seminis,
1186 519 1219 578 et
1231 514 1365 578 feminas
1380 535 1400 576 a
1412 534 1464 577 no·

311 617 448 681 lentibus
468 620 553 680 viria.
592 617 758 701 Opificium
778 620 893 701 quippe
914 619 1014 680 omnis
1041 618 1144 680 earnis
1170 636 1232 679 uon
1258 617 1316 680 deo
1338 615 1419 680 bono
1437 621 1468 678 et

310 740 400 801 vero,
421 720 477 783 sed
496 719 641 801 malignis
664 717 782 800 angelis
802 719 958 795 tribuunt3
977 719 1036 783 hoc
1058 721 1245 782 versutiores
1261 721 1357 783 etiam
1370 718 1468 782 Mani·

311 822 426 903 chaeis,
441 822 524 904 quod
539 822 616 884 nihil
632 824 853 905 seripturarum
870 825 1088 886 canonicarum
1100 821 1275 906 repudiant,
1288 819 1386 885 simul
1400 840 1470 886 cum

309 925 494 1011 apocryphis
509 923 648 1005 legentes
664 926 768 987 omnia
783 931 814 987 et
828 927 861 988 in
873 927 1090 990 auctoritatem
1101 930 1271 1006 sumentes,
1285 923 1343 989 sed
1354 926 1389 988 in
1399 943 1470 989 suos

311 1048 421 1090 sensus
437 1025 662 1106 allegorizando
679 1032 847 1107 vertentes,
869 1027 1019 1111 quicquid
1033 1029 1067 1090 iu
1082 1030 1199 1091 sanctis
1219 1027 1307 1091 libris
1324 1025 1469 1110 estquod

311 1152 417 1195 eorum
442 1135 561 1192 evertat
586 1150 731 1193 errorem.
766 1130 813 1193 De
833 1130 955 1194 Christo
977 1129 1188 1195 Sabellianam
1212 1136 1332 1194 sectam
1350 1134 1471 1211 tenent,

310 1233 444 1297 eundem
460 1235 564 1316 ipsum
579 1250 647 1294 esse
663 1231 820 1314 dicenteS,
842 1253 905 1296 uon
920 1232 1150 1313 sulumfilium,
1169 1231 1336 1297 sedetiam
1351 1238 1471 1318 patrem

310 1343 342 1401 et
355 1338 501 1420 spiritum
515 1340 669 1397 sanctum.

149 1453 199 1504 aa
219 1453 293 1492 ιω·
372 1438 458 1503 Dicit
475 1435 631 1502 Philoster
651 1457 721 1500 esse
741 1437 817 1501 alios
838 1437 1011 1502 haereticos
1034 1440 1179 1522 quicum
1201 1437 1382 1504 hominibus
1409 1456 1471 1502 non

311 1546 440 1605 sumunt
455 1559 560 1615 escas3
583 1539 639 1604 sed
658 1546 762 1603 utrum
783 1561 855 1604 cum
876 1540 946 1603 aliis
967 1541 1020 1624 qui
1035 1539 1176 1604 eiusdem
1191 1546 1293 1604 sectas
1307 1561 1373 1605 non
1389 1546 1472 1618 sunt,

310 1663 351 1706 an
366 1645 460 1707 etiam
476 1643 557 1704 inter
572 1643 692 1727 seipsos
708 1641 740 1705 id
754 1641 881 1724 faciant,
896 1661 959 1705 non
975 1644 1129 1726 exprimit.
1155 1642 1239 1707 Dicit
1253 1644 1349 1707 etiam
1365 1663 1418 1707 eos
1434 1640 1473 1707 de

310 1752 397 1830 patre
413 1743 522 1807 attilio
538 1749 640 1824 recte,
662 1744 700 1807 de
717 1746 827 1828 spiritu
849 1751 954 1808 autem
968 1750 1076 1809 sancto
1097 1765 1160 1809 non
1181 1744 1331 1810 catholieo
1353 1765 1474 1830 sapere,

312 1847 394 1930 quod
409 1867 480 1910 eum
495 1848 663 1929 opinentur
678 1867 745 1909 esse
763 1838 945 1911 creaturam.

143 1963 193 2015 021³·
207 1963 292 2003 [ΜΠ.
373 1948 563 2014 ARhetorio
584 1948 717 2032 quodam
739 1955 878 2014 exortam
897 1950 1053 2015 haeresim
1073 1949 1150 2015 dicit
1172 1952 1302 2015 nimium
1317 1949 1474 2015 mirabilis

310 2054 469 2133 vanitatis,
485 2072 562 2135 quae
578 2069 686 2116 omnes
701 2051 874 2117 haereticos
890 2060 973 2116 recte
989 2051 1147 2117 ambulare
1167 2059 1199 2117 et
1216 2073 1290 2117 vera
1304 2053 1411 2118 dicere
1425 2053 1471 2117 as·

310 2157 427 2233 firmat3
443 2153 526 2239 quod
541 2157 586 2217 ita
601 2160 650 2218 est
663 2153 845 2235 absurdum,
859 2160 895 2218 ut
909 2154 986 2219 mihi
1000 2155 1185 2220 incredibile
1199 2154 1352 2220 videatur.

132 2274 183 2325 Car·
196 2273 292 2314 fflffl-
373 2258 445 2324 Alia
465 2263 514 2321 est
532 2256 671 2321 haeresis
691 2277 770 2339 quae
798 2256 874 2322 dicit
897 2260 930 2322 in
953 2257 1075 2323 Christo
1101 2258 1299 2323 divinitatem
1325 2257 1471 2337 doluisse,

310 2383 381 2428 eum
396 2363 541 2444 figeretur
555 2381 626 2424 caro
642 2362 708 2423 eius
723 2361 756 2423 in
772 2380 871 2425 eruce.

136 2479 189 2531 ⁰⁸1³-
200 2479 293 2519 LXXIV·
372 2464 429 2529 Est
444 2464 504 2526 alia
519 2483 596 2545 quae
613 2462 775 2527 triformen
790 2466 835 2528 sic
850 2465 963 2528 asserit
977 2462 1081 2547 deum,
1100 2469 1135 2528 ut
1150 2463 1303 2548 quaedam
1317 2484 1393 2549 pars
1407 2465 1469 2529 eiua

310 2570 352 2632 sit
367 2573 465 2652 pater,
484 2566 637 2648 quaedam
656 2565 750 2646 filius,
772 2565 925 2648 quaedam
939 2568 1068 2650 spiritus
1085 2573 1228 2648 sanctus,
1247 2566 1306 2631 hoe
1322 2572 1374 2630 est
1392 2564 1469 2650 quod

311 2670 362 2736 dei
381 2671 474 2733 unius
496 2675 600 2754 partes
622 2672 702 2751 sint,
725 2688 803 2751 quae
825 2667 919 2733 istam
933 2669 1053 2735 iaciunt
1065 2670 1253 2752 trinitatem,
1267 2669 1357 2735 velut
1371 2667 1468 2735 exhis

311 2773 412 2837 tribus
432 2773 572 2857 partibus
594 2771 786 2856 compleatur
805 2771 898 2853 dous,
923 2792 983 2836 nec
1004 2773 1045 2835 sit
1066 2772 1221 2856 perfectus
1240 2772 1275 2837 in
1290 2792 1324 2836 se
1340 2775 1410 2858 ipso
1425 2769 1469 2839 val

310 2882 400 2961 pater
414 2875 464 2939 vel
480 2875 561 2938 filius
576 2874 627 2939 vel
643 2877 771 2958 spiritus
787 2880 925 2939 sauctus.

147 3010 198 3061 cap.
212 3009 294 3050 cxxv.
374 2977 445 3042 Alia
465 2984 513 3041 ost
533 2998 611 3061 quac
631 2977 709 3042 dicit
728 2998 842 3061 aquam
862 2998 925 3041 non
947 2976 1043 3043 adeo
1063 2984 1210 3058 creatam,
1229 2976 1286 3042 sed
1301 2980 1331 3042 ei
1352 2997 1470 3065 semper

311 3081 407 3146 luisse
424 3087 629 3145 coaeternam.

137 3199 188 3251 Co·
201 3198 295 3238 mvl
375 3183 446 3248 Alia
461 3184 537 3247 dicit
553 3204 663 3267 eorpus
679 3182 827 3261 hominis,
841 3202 906 3248 non
919 3185 1058 3248 animam
1073 3203 1141 3247 esse
1157 3185 1329 3266 imaginem
1343 3183 1405 3251 dei.

125 3303 175 3353 Car·
188 3301 295 3343 emm·
375 3285 446 3351 Alia
469 3286 545 3350 dicit
567 3307 635 3349 esse
657 3284 900 3351 innumerabiles
916 3285 1061 3368 mundos,
1081 3286 1162 3350 sieut
1176 3288 1296 3370 opinati
1315 3294 1391 3353 sunt
1406 3289 1470 3374 qui·

313 3389 386 3454 dam
400 3389 577 3473 philosophi
591 3390 739 3470 gentium.

116 3492 166 3543 ⁰⁸1>-
179 3489 295 3531 mim·
376 3492 446 3557 Alia
465 3491 688 3556 sceleratorum
713 3494 833 3556 animas
860 3495 1000 3557 converti
1026 3493 1059 3556 iu
1081 3490 1248 3557 daemones
1272 3491 1368 3576 dicit,
1392 3500 1427 3560 ot
1442 3494 1472 3560 in

314 3615 453 3680 quaeque
469 3595 617 3658 animalia
631 3599 696 3659 suis
712 3596 833 3660 maritis
849 3615 992 3676 congrua.
1071 3624 1073 3628 ⁴

139 3698 188 3748 ⁰³¹³·
202 3696 295 3737 Μ·
376 3697 448 3763 Alia
467 3698 675 3762 descendente
696 3698 737 3762 ad
752 3698 868 3762 inferos
889 3697 1012 3763 Christo
1038 3695 1207 3763 credidisse
1226 3697 1423 3782 incredulos,
1445 3706 1474 3765 et

314 3823 421 3867 omnes
437 3801 548 3865 exinde
565 3803 723 3864 existimat
738 3800 894 3865 liberatos.

149 3904 200 3955 ⁰⁸1³·
213 3903 295 3944 Lm·
376 3905 448 3969 Alia
463 3907 651 3989 sempiterno
667 3912 776 3968 natum
794 3925 858 3968 non
872 3903 1052 3986 intelligens
1072 3902 1172 3969 filium
1186 3910 1276 3988 putat
1290 3903 1380 3973 illam
1394 3907 1474 3972 nati-

313 4008 442 4072 vitatem
454 4007 626 4091 sumpsisse
641 4029 660 4071 ο
675 4013 812 4091 temporo
827 4007 969 4082 initium3
986 4012 1017 4070 ct
1032 4012 1139 4070 tamen
1151 4005 1259 4072 volens
1275 4014 1475 4076 coaeternum

314 4113 394 4196 patri
411 4110 509 4175 lilium
524 4111 676 4191 confiteri,
691 4109 774 4195 apud
788 4109 878 4175 illum
890 4110 988 4173 fnisse
1000 4115 1169 4192 autequam
1180 4107 1219 4174 de
1230 4109 1283 4174 illo
1295 4118 1476 4177 nasceretur

315 4214 487 4294 existimat,
509 4214 568 4277 hoc
588 4220 636 4276 est
657 4234 779 4298 semper
800 4234 872 4279 eum
890 4213 1001 4293 sumac,
1026 4219 1242 4277 verumtamen
1261 4232 1389 4299 semper
1408 4235 1476 4281 eum

314 4316 414 4380 filium
429 4337 490 4380 non
506 4317 614 4398 luisse,
629 4316 685 4380 aed
701 4336 739 4380 ex
754 4337 813 4399 que
831 4316 869 4380 de
884 4315 937 4379 illo
953 4322 1047 4380 natus
1061 4321 1110 4379 est
1124 4314 1225 4381 filium
1239 4335 1310 4381 esso
1325 4321 1474 4405 coepisse

315 4418 396 4483 ¹Has
411 4418 556 4483 haereses
571 4421 679 4504 putavi
693 4419 727 4483 iu
746 4419 806 4484 hoo
825 4439 904 4504 opus
923 4439 1029 4484 meum
1043 4417 1083 4483 de
1096 4416 1247 4484 Philastri
1261 4440 1357 4503 opere
1371 4428 1473 4489 uena

379 4570 445 4691 ¹(lap.
457 4569 568 4624 LXXX.
577 4599 610 4610 -
631 4572 652 4624 l.
667 4571 721 4623 Hic
737 4574 945 4642 edtupcrperam
961 4574 1061 4625 addunt
1072 4570 1104 4626 a
1115 4569 1141 4625 la
1153 4586 1221 4642 quae
1231 4571 1332 4642 absque
1344 4579 1474 4629 suetam

316 4655 414 4694 nonum
432 4654 464 4692 us
476 4645 545 4692 sunt.
579 4637 688 4707 (Benaci.
694 4649 702 4708 p
