3046 5124
1171 349 1232 415 361

69 514 122 562 uus,
134 505 162 551 et
173 497 228 551 filio
240 499 360 568 spiritum
372 504 499 551 sanctum.
516 499 655 567 augustin.
669 499 700 551 de
713 497 812 552 haeres.
831 515 887 569 cap.
897 499 961 553 LIV.
983 499 1144 581 Nicephorus
1156 501 1232 553 Galli·

69 567 182 621 stuslib.
192 567 239 619 XI.
256 583 313 646 cap.
322 566 369 618 XI.
387 567 483 621 Ruffin.
501 569 591 622 eccles.
610 568 700 620 histor.
718 569 806 620 libX.
824 585 880 637 cap.
890 568 974 622 XXV.
992 567 1106 622 Basilius
1117 571 1231 640 Magnus

69 642 160 689 centn
207 637 363 704 ologetrcum
376 635 505 689 Eunomii.

117 701 142 757 N
172 704 179 716 '
202 703 318 763 euterim
335 704 496 772 posteriusve
509 704 662 766 autminus,
675 710 705 756 ut
715 704 816 774 Arrius]
846 705 970 759 Athenas.
982 709 1045 757 tom.
1055 703 1086 757 II.
1099 705 1195 760 10114.
1207 712 1232 758 et

69 770 102 825 de
111 769 223 841 medie
233 772 348 822 Arimini
359 782 383 823 et
393 772 524 822 Seleuciae
542 780 603 824 tom.
614 772 632 824 I.
651 773 694 824 101.
706 772 763 824 681.
782 773 919 825 Caesarius
936 773 1038 841 Dialog.
1047 772 1067 824 Ι.
1085 773 1146 825 Νο0
1161 777 1232 842 quid·

154 838 198 893 aei
205 836 289 892 huius
300 841 340 891 oei
351 844 431 890 nrirrus
443 852 541 903 iratum,
559 859 607 892 non
618 843 752 909 quidquam
762 846 838 909 prius
850 847 969 905 earisteus,
983 844 1182 894 adventiciorum
1195 845 1233 894 di·

68 910 131 960 visa
141 910 296 963 1001011010
309 909 348 958 cel
359 919 417 960 arne
429 911 515 959 secuda
521 913 585 976 fuit,
597 910 638 960 cel
649 920 685 961 est
695 909 777 972 hodie,
789 911 830 960 uei
842 913 960 979 deinceps
971 914 1027 962 enit.
1046 909 1174 961 Nimirum
1182 929 1233 979 pn·

70 985 109 1029 m
119 974 223 1047 14911111
234 987 259 1028 et
268 980 374 1045 spiritua
385 987 488 1027 euinctus
500 980 603 1028 trinitus
615 988 661 1039 est,
679 988 703 1029 et
718 979 883 1044 intelliyitur,
901 989 924 1030 et
940 981 1067 1031 aduratur
1079 979 1110 1029 ab
1128 982 1175 1040 iis,
1187 984 1234 1097 pai

68 1060 197 1108 menon
209 1046 276 1096 dicis
288 1062 369 1095 causa
381 1045 421 1094 oei
432 1044 575 1113 blaspheme
588 1047 700 1097 adorant
711 1056 738 1096 ut
749 1047 852 1109 Arrius,
866 1050 908 1114 qui
920 1048 963 1098 dei
974 1057 1093 1098 naturam
1103 1048 1186 1099 distre
1205 1050 1232 1109 11,

71 1129 104 1164 aa
115 1115 200 1163 maius
211 1131 244 1163 oc
256 1117 336 1163 urinas
347 1116 373 1162 in
386 1115 475 1163 dicinu
488 1117 601 1164 trinitate
612 1117 777 1180 imapinotur.

119 1178 191 1233 Nihil
203 1185 368 1243 extraneum,
385 1187 414 1231 ut
425 1180 606 1246 MacedonIus]
629 1181 810 1234 Macedoniani
822 1190 941 1235 sanctum
954 1184 1073 1263 spiritum
1085 1200 1101 1236 a
1112 1184 1233 1235 substan·

69 1248 108 1302 tis
118 1248 208 1318 putris,
220 1248 319 1317 filinue
332 1250 407 1317 plane
420 1248 578 1312 discernunt,
590 1254 716 1318 tanquam
727 1251 876 1303 mInIstrum
887 1252 973 1303 meriti
981 1268 1088 1320 prorsus
1096 1250 1233 1303 inferioris.

153 1323 190 1369 nt.
204 1317 236 1368 ad
248 1316 380 1368 Donatum
392 1317 487 1369 10191.
512 1317 632 1369 Ituffinus
645 1319 736 1371 eccles.
749 1316 838 1370 histor.
851 1320 895 1375 lib.
905 1320 940 1373 X.
953 1336 984 1371 ca
1003 1318 1050 1374 .11.
1073 1319 1136 1372 NIce
1154 1318 1233 1372 horus

152 1390 195 1437 tus
206 1385 251 1438 lib.
261 1384 306 1436 IX.
320 1401 376 1454 cap.
386 1385 490 1439 XLVII.
516 1385 566 1437 Gre
588 1387 657 1438 orius
668 1388 782 1455 Magnus
799 1387 899 1455 epistol.
916 1337 1013 1441 1110111.
1032 1389 1106 1457 epist.
1174 1387 1232 1442 XII.

69 1452 116 1506 tot
128 1451 186 1506 793.
215 1452 392 1506 Damascenus
410 1453 442 1504 de
459 1453 559 1505 duabus
569 1402 666 1506 1111110ιί
683 1456 782 1507 naturis
793 1454 839 1510 fol.
850 1456 908 1507 499.
936 1457 977 1509 Au
998 1457 1076 1510 nstin.
1090 1456 1121 1508 de
1133 1455 1232 1510 haeres.

70 1536 128 1591 esp.
143 1520 198 1575 LII.
228 1521 347 1574 Socrates
366 1522 507 1575 ecclesiast.
524 1520 614 1574 histor.
631 1524 675 1574 lib.
692 1522 724 1575 II.
741 1540 797 1593 cap.
814 1523 926 1576 XXXV.
956 1472 997 1576 TI

120 1628 127 1642 .
138 1589 182 1642 IV.
199 1590 313 1642 Historia
324 1590 367 1641 Tri
386 1597 433 1642 art.
445 1590 488 1643 lib.
502 1591 532 1642 V.
545 1607 601 1659 cap.
613 1590 681 1644 XLI.
703 1592 729 1645 S.
742 1592 874 1644 Maximus
886 1593 914 1644 in
925 1592 969 1646 lib.
983 1595 1014 1644 de
1025 1594 1123 1644 duabus
1135 1598 1235 1644 naturis

72 1657 99 1780 Ot
108 1662 172 1780 ὦ
179 1660 324 1710 salvatoris.
394 1656 537 1727 eophylact.
550 1658 689 1727 Bulgariae
701 1658 886 1731 archiepiscop.
898 1662 925 1713 in
937 1658 1026 1714 Iohan.
1039 1677 1095 1731 cap.
1107 1660 1150 1713 III.
1162 1660 1232 1714 XIV.

71 1742 86 1780 e
173 1769 179 1781 .

122 1793 192 1847 Nihil
203 1795 356 1864 pervasione
368 1801 413 1846 aut
425 1811 496 1846 surre
516 1796 586 1847 tione
597 1796 731 1860 insertum,
744 1804 773 1848 ut
784 1796 964 1865 Manichaeus]
983 1798 1047 1850 Vide
1058 1797 1235 1868 sugusunnm

71 1862 105 1917 de
114 1861 214 1917 haeres.
227 1880 282 1932 cap.
294 1862 385 1916 XLVI.
415 1812 587 1932 Nicephorum
599 1864 735 1917 Callistum
748 1867 837 1917 eccles.
849 1864 938 1921 histor.
951 1866 995 1918 lib.
1010 1866 1050 1920 Vl.
1063 1882 1120 1936 cap.
1133 1865 1234 1919 XXXI.

112 1932 119 1945 '
138 1929 246 1984 hanium
258 1933 369 2001 episcop.
382 1930 548 1983 Constantine
561 1931 639 2000 Cypri
650 1931 750 1985 haeres.
761 1933 852 1986 LXVI.

145 1998 192 2052 ihil
198 2017 357 2070 corporeum,
368 2006 396 2051 ut
405 2000 592 2066 Tertullianus]
600 2001 738 2078 Angustia.
745 1999 844 2054 haeres.
851 2001 893 2057 86,
911 2003 1080 2055 Tertullianus
1091 2006 1155 2055 dicit
1164 2006 1235 2055 deum

71 2068 1235 2193 crestincturummanummeri-

70 2206 182 2259 mana
198 2221 253 2275 cap.
265 2153 310 2257 lu.
322 2205 353 2256 a
369 2154 446 2257 aad.
463 2177 558 2256 uuae
575 2221 630 2274 cap.
643 2205 674 2258 ιι.
693 2156 952 2262 aiveinamma
970 2207 1014 2260 nn.
1026 2207 1050 2259 0.
1068 2224 1123 2277 ap.
1138 2157 1235 2262 ulu-

70 2289 163 2328 versus
173 2274 301 2326 Praxcum
313 2290 367 2343 cap.
379 2273 433 2325 Vll.

122 2341 194 2396 Nihil
204 2342 369 2412 corporaliter
380 2341 533 2410 effigiatum,
546 2348 575 2394 ut
586 2340 837 2412 Antropomorphus]
859 2344 989 2396 Honorius
1004 2344 1234 2414 Augustodunens.

71 2412 164 2465 aeoles.
175 2412 290 2480 presbyt.
321 2411 579 2479 Aritropomorplu'tue
597 2413 668 2462 deum
685 2411 795 2463 1010000
813 2414 922 2464 membra
940 2413 1110 2466 athanasium
1121 2417 1235 2482 formam

71 2480 383 2541 101110001000011001
397 2481 502 2530 deussit
516 2484 622 2547 spiritus
631 2491 655 2531 et
670 2484 842 2548 incorporeus.
872 2482 1021 2549 IIIeronym.
1036 2483 1064 2534 In
1080 2481 1175 2535 Psalm.
1194 2482 1235 2536 93.

70 2548 117 2603 tot
131 2547 187 2600 luo.
217 2547 317 2628 QrIgiu.
328 2549 355 2628 In
364 2548 443 2627 epist.
456 2547 529 2599 Pauli
541 2547 573 2599 ad
585 2547 695 2639 Roman.
708 2549 752 2601 lib.
764 2548 783 2629 1ς
796 2565 852 2668 cap.
865 2548 884 2600 I.
913 2549 1128 2630 Cassiamoollat.
1141 2551 1185 2631 lib.
1199 2550 1234 2603 X.

71 2617 191 2806 op..
201 2615 662 2804 {cippuum-u.
672 2618 712 2737 u
729 2725 735 2737 .

69 2753 100 2808 in
122 2769 267 2887 1111111111]
283 2770 421 2889 Iiugusiiu.
434 2821 465 2872 de
478 2821 576 2875 haeres.
590 2838 646 2891 cap.
658 2821 686 2875 L.
713 2822 844 2874 Vadianos
855 2842 914 2892 quoe
926 2844 942 2875 α
951 2825 1058 2892 apellant
1068 2829 1106 2889 (et
1115 2824 1233 2894 Epipha-

71 2894 128 2943 nius
140 2890 321 2951 scitimnuticos,
336 2909 382 2940 uon
395 2889 537 2941 haereticos
548 2892 600 2940 nult
612 2893 706 2956 uideri)
719 2893 767 2941 alii
778 2901 871 2942 uocant
882 2843 1163 2962 Antiropomorpbiiaa
1208 2913 1233 2946 0-

71 2963 141 3012 sion
154 2961 225 3011 deam
236 2960 392 3026 sibifiuqaut
403 2962 555 3024 coqitatsouc
567 2961 672 3009 carnali
687 2963 714 3009 in
724 2962 913 3010 similitudinem
924 2964 1045 3028 inopinis
1061 2912 1234 3030 canopum:

72 3027 186 3090 hominiis,
198 3029 264 3096 quod
274 3030 415 3077 rusticitati
425 3045 508 3078 eorum
521 3028 609 3078 tribuit
623 3027 793 3096 Epiplsoru'us,
807 3046 920 3096 parcens
932 3033 975 3092 eis,
994 3048 1023 3081 ne
1041 3032 1162 3082 dicantur
1173 3029 1234 3083 bae·

70 3100 154 3150 retici.

120 3162 193 3219 Nihil
209 3164 260 3216 sibi
276 3164 405 3216 invisibile
418 3179 434 3214 a
446 3164 569 3216 creaturis
583 3171 610 3215 ut
623 3162 753 3234 Origines]
783 3163 903 3229 Origines
920 3165 1029 3218 docebat
1045 3167 1123 3220 deum
1134 3174 1234 3237 patrem

70 3249 118 3304 per
128 3238 249 3286 neumam
261 3233 427 3295 invisibilem,
444 3233 523 3284 etiam
540 3249 554 3283 a
570 3232 624 3284 filio
643 3250 695 3284 non
711 3233 798 3285 videri.
830 3228 892 3285 Vide
904 3235 979 3287 illum
992 3235 1045 3305 aspi
1057 3233 1141 3306 ἀρχῶν
1152 3237 1197 3291 lIb.
1209 3237 1233 3290 2.

71 3318 129 3423 capp.
142 3301 184 3382 IV.
210 3301 536 3421 Hieronyprltpmfadvpffius
544 3316 647 3421 Iprrorhes
659 3301 851 3421 ilierolslolymit.
867 3302 956 3357 lohan.
972 3305 1084 3386 epistola
1094 3297 1162 3359 LXI.
1176 3322 1197 3358 o.
1210 3305 1234 3359 3.

70 3371 476 3506 t..tttt;¹t?tti.z.....⁰lu
488 3409 545 3489 aa.
566 3385 609 3489 11
622 3371 1234 3510 ttutt‘tittuttttttttlt:

71 3523 122 3561 res.
133 3506 261 3561 Isidorum
273 3506 418 3576 Hispalens.
432 3508 496 3576 orig.
509 3507 554 3560 lib.
567 3456 633 3560 VIII.
646 3523 701 3575 cap.
714 3507 745 3559 V.
771 3507 928 3561 Athanasius
945 3510 976 3562 de
987 3509 1155 3591 blasphemiis
1167 3511 1235 3563 Arrii

71 3583 135 3630 tour.
147 3575 166 3628 I.
178 3576 222 3627 Iol.
236 3575 293 3627 681.
306 3583 332 3626 et
344 3576 437 3627 Hister.
450 3576 558 3644 Tripart.
571 3576 615 3628 lib.
627 3576 646 3629 I.
659 3591 715 3644 cap.
725 3575 795 3628 XIII.
813 3578 887 3630 Arrio
899 3577 966 3630 hanc
979 3580 1127 3658 opinionem
1140 3578 1234 3631 adscri-

71 3644 145 3698 bunt.
161 3644 254 3696 Aetate
263 3643 419 3696 Servus-Dei
430 3645 509 3696 etiam
521 3644 604 3696 exorti
616 3642 744 3708 haeretici,
756 3647 802 3714 qui
813 3646 928 3698 dicerent
939 3645 1070 3699 Chnstum
1081 3647 1109 3698 in
1120 3645 1168 3699 hac
1180 3647 1235 3699 vita

72 3712 211 3782 degentem
228 3730 281 3764 non
298 3713 394 3764 vidisse
411 3714 511 3764 carneis
530 3713 610 3765 oculis
627 3713 683 3765 suis
699 3720 813 3783 patrem,
831 3715 877 3766 sed
893 3720 952 3784 post
969 3715 1183 3767 resurrectionem
1200 3732 1233 3768 ex

71 3782 183 3835 mortuis
199 3787 226 3833 et
243 3782 423 3833 ascensionem
439 3782 467 3833 in
483 3783 560 3834 caelis
578 3798 637 3834 cum
654 3783 793 3834 translatus
812 3785 888 3836 estin
900 3783 1011 3851 gloriam
1022 3783 1063 3835 dei
1075 3783 1163 3851 patris,
1175 3800 1234 3854 pro·

71 3849 169 3903 1001010
178 3851 276 3902 scilicet
285 3851 308 3901 ei
317 3849 401 3900 dantis
411 3850 438 3901 in
447 3852 679 3903 remunerationem
691 3853 820 3920 martyrii:
831 3853 857 3903 in
885 3868 932 3902 nos
941 3851 1088 3919 praedictus
1097 3852 1233 3923 episcopus

73 3919 198 3971 menime
209 3920 307 3986 stylum
319 3918 432 3980 strinxit,
449 3935 513 3971 sana
524 3919 712 3988 disputatione,
731 3925 757 3972 et
772 3920 858 3972 libello
868 3868 1034 3971 (documentis
1049 3921 1247 3990 scripturarum·

996 1525 1132 1577 eodoretus
1147 1525 1192 1576 lib.
1209 1525 1233 1576 ⁸2.

73 3984 232 4041 sufficienter
241 3987 309 4039 facto
319 3987 508 4050 demonstrans,
520 3991 586 4056 quod
593 3988 663 4040 tomo
674 3990 838 4056 deuesaetus,
851 4005 949 4056 semper
975 3997 1055 4039 utrem
1067 3994 1170 4041 cariseio
1180 3995 1233 4042 suis

72 4056 154 4108 oenls's
164 4058 265 4118 viderit,
283 4064 307 4105 et
322 4059 438 4123 spiritum
449 4064 575 4120 sanctum,
588 4076 637 4125 per
653 4075 666 4106 s
684 4058 788 4107 ecialcm
801 4065 824 4106 et
835 4060 931 4106 unitam
943 4007 986 4108 db·
997 4066 1022 4108 ct
1031 4055 1138 4108 dominis
1154 4063 1233 4110 socie·

75 4132 158 4177 emen.
179 4123 329 4177 Gennadius
341 4123 372 4174 de
383 4123 445 4174 viris
458 4123 600 4176 illustribus
613 4126 640 4177 in
670 4127 803 4175 erius-det.

141 4191 211 4245 Nihil
222 4192 337 4244 moribus
355 4198 380 4243 et
391 4192 524 4243 voluntate
540 4191 670 4245 diversum
685 4199 715 4244 ut
725 4192 853 4313 Marciong
882 4193 939 4246 Vid.
956 4192 1116 4263 Epiphanius
1133 4193 1232 4250 haeres.

72 4259 165 4317 XLIV.
179 4259 337 4330 NIcephorus
351 4259 472 4312 Callistus
485 4261 576 4312 eccles.
587 4260 648 4315 hist.
659 4261 704 4314 lib.
717 4261 740 4314 6.
754 4276 808 4330 cap.
821 4260 837 4312 i
856 4302 862 4315 .

141 4328 210 4382 Nihil
222 4346 254 4381 ex
264 4330 385 4381 trinitatis
398 4329 511 4380 essentia
522 4329 555 4381 ad
566 4336 741 4382 creaturarum
752 4336 872 4381 nouarum
883 4329 1021 4383 deductum
1033 4337 1062 4383 ut
1072 4331 1157 4399 Plato]
1175 4333 1232 4385 Vid.

72 4395 147 4452 Puto
158 4399 185 4450 in
196 4398 310 4450 Timaeo.
333 4396 405 4449 Beda
420 4397 451 4448 de
464 4398 597 4449 elementis
626 4395 786 4467 hilosophiae
799 4398 842 4451 lib.
854 4398 874 4452 I.
886 4399 930 4453 fol.
943 4399 1000 4452 313.
1026 4402 1189 4470 AugustInue
1201 4402 1233 4454 de

75 4465 172 4519 Genesi
187 4466 220 4518 ad
237 4415 714 4534 Lineramtom.111.cap.1.dl.341.
745 4466 873 4519 Orestam
891 4473 970 4520 010011
985 4471 1166 4521 intellectualis
1180 4474 1233 4522 sies

75 4537 219 4605 corporalis
229 4554 278 4587 non
290 4537 320 4586 de
333 4537 375 4586 dei
385 4544 490 4597 natura,
501 4537 547 4585 sed
559 4555 575 4585 o
588 4537 633 4586 deo
642 4539 762 4603 eetsocta
772 4536 803 4586 de
815 4536 901 4599 011110,
913 4537 1025 4607 ninilque
1033 4542 1060 4590 in
1071 4556 1103 4590 ea
1113 4548 1156 4600 est,
1168 4540 1234 4607 quod

75 4605 112 4657 ad
123 4607 260 4656 trinitatem
267 4607 385 4672 pertinet,
398 4607 448 4655 nisi
456 4606 522 4672 qnod
533 4607 635 4656 trinitas
647 4605 767 4667 condidit,
779 4608 830 4657 isto
843 4608 945 4659 condita
957 4616 1001 4658 cet.
