3304 5244
604 391 643 434 DE
656 389 832 434 mmmm
845 389 938 434 umam
1309 391 1350 456 99

192 569 262 616 rum
277 549 400 616 diversa
412 551 541 616 nomina
553 549 732 637 profitetur,
750 556 786 614 ut
799 547 949 615 tiermestl
967 544 1022 612 iile
1037 545 1278 630 Trismegistus,
1297 547 1351 630 qui

193 675 291 720 vanus
310 656 415 740 potius
435 675 528 739 quam
547 675 679 738 magnus
694 652 880 718 iudicandus
896 657 960 732 ost,
981 655 1013 714 et
1031 652 1140 734 poetae
1161 649 1305 734 quidam⁰
1320 650 1349 712 ci

194 757 381 839 consimiles,
397 759 450 841 qui
466 763 602 824 cometes
616 762 649 821 et
662 755 845 843 pogoniast,
860 762 893 819 et
906 753 1042 838 Hyadas,
1056 751 1211 834 Haedos0,
1227 759 1259 816 et
1272 750 1354 816 ²alia

193 859 370 924 huiusmodi
384 859 534 925 adserunt
547 858 707 925 ³nomina‘
720 858 904 939 delirantes,
925 877 996 921 cum
1010 858 1165 940 scriptura
1179 875 1280 940 pauca
1294 875 1351 920 uo-

193 965 279 1026 mina
292 961 431 1028 siderum
445 963 536 1029 nobis
552 963 676 1044 dixerit,
691 962 814 1027 dicente
829 960 885 1026 ioh
900 959 1084 1046 prophetat,
1099 965 1171 1023 ante
1187 977 1281 1042 quem
1295 979 1351 1043 pa·

194 1067 263 1148 gani
278 1086 295 1129 e
311 1068 429 1130 sanctis
440 1069 604 1151 scripturis
616 1063 755 1130 siderum
766 1066 895 1128 nomina
905 1062 1149 1127 transtulissent.
1172 1061 1257 1126 Dicit
1268 1064 1353 1125 enirn

193 1170 260 1252 ipse
273 1167 344 1233 Iob:
369 1166 522 1254 Quisecit
535 1170 681 1234 Pleiades
700 1180 729 1232 et
742 1167 934 1248 Arcturum,
954 1168 1071 1250 iuquit,
1092 1175 1122 1229 et
1134 1163 1312 1252 Hesperum
1326 1175 1355 1228 et

194 1271 351 1334 Austrum
364 1282 394 1335 et
411 1270 531 1336 Oriom
546 1283 575 1335 at
588 1270 804 1356 meyerum.
838 1271 924 1334 Haec
939 1271 1044 1353 itaque
1061 1270 1188 1334 nomina
1202 1289 1219 1332 e
1235 1269 1353 1334 sanctis

194 1375 357 1459 scripturis
372 1376 544 1460 accipimus
558 1372 730 1452 nuntiata¹3
751 1393 827 1438 nam
842 1374 981 1437 omnium
996 1371 1135 1436 siderum
1149 1374 1278 1436 nomina
1291 1391 1354 1434 non

195 1474 274 1540 dixit
287 1478 457 1561 scriptura,
476 1476 533 1541 sed
550 1478 699 1562 potestati
718 1475 768 1541 dei
788 1477 959 1540 reservavit
981 1495 1037 1561 per
1050 1473 1235 1560 prophetam
1250 1473 1354 1538 decla·

195 1599 267 1643 rans
281 1585 315 1643 et
325 1577 434 1644 dicens
444 1578 542 1643 *iau
561 1577 627 1659 Qui
633 1589 779 1644 numerat
788 1579 1019 1644 multetudc'uem
1029 1579 1199 1660 stellarum,
1215 1588 1244 1641 et
1255 1578 1353 1642 oraui-

196 1679 251 1746 hus
266 1682 310 1746 eis
323 1684 452 1746 aamriaa
465 1681 608 1747 5οοσοον.
630 1682 716 1746 Haeo
731 1684 835 1766 itaque
850 1701 950 1767 pauca
961 1683 1089 1746 nomina
1100 1680 1239 1764 legentes
1251 1699 1268 1744 e
1280 1700 1354 1746 sau-

195 1785 253 1848 ctis
269 1786 432 1870 scripturis
451 1787 561 1871 podiae
581 1769 708 1871 8postea
728 1784 861 1869 salsique
881 1782 1059 1869 philosophi
1074 1787 1143 1850 ausi
1157 1790 1233 1850 sunt
1246 1783 1354 1848 ⁷usur·

194 1893 305 1971 pantes
326 1889 391 1951 suis
414 1886 587 1953 mendaciis
610 1894 642 1952 et
661 1887 723 1952 ulia
741 1887 876 1972 plurima
898 1885 1043 1972 copulare
1065 1893 1158 1972 atque
1183 1889 1355 1974 impietatis

195 1992 315 2054 semina
335 1989 440 2056 seculo
460 1990 657 2076 praedicare,
677 1996 713 2054 ut
731 2010 769 2054 ex
790 1989 857 2054 ³his
873 2009 997 2075 sperare
1012 1995 1159 2075 putarent
1179 1993 1273 2056 etiam
1288 2012 1355 2056 om·

195 2093 283 2156 nium
302 2091 440 2157 siderum
464 2098 519 2158 aut
537 2092 743 2178 plurimorum
762 2093 892 2157 nomina
909 2112 1001 2179 posse
1024 2091 1261 2177 comprehendi3
1284 2115 1355 2160 oum

196 2197 334 2260 omnium
350 2194 489 2260 siderum
503 2198 631 2260 uomina
644 2216 708 2260 non
722 2194 820 2259 ⁹altcr
836 2196 899 2258 nisi
914 2194 991 2259 deus
1007 2195 1165 2277 Christus,
1185 2217 1242 2281 per
1262 2215 1356 2282 quem

194 2297 268 2364 iecit
282 2303 371 2384 pater
385 2300 545 2380 universa,
563 2300 703 2385 posuerit
725 2303 757 2362 et
771 2299 893 2380 scierit,
913 2304 1005 2383 atque
1024 2299 1069 2364 eis
1089 2297 1212 2382 singuia
1230 2301 1358 2365 uomina

195 2403 361 2483 vocaverit,
375 2405 412 2465 ut
425 2402 576 2486 scriptum
591 2401 661 2465 est¹.

257 2501 314 2598 Est
332 2502 471 2568 haeresis
489 2502 551 2570 aha
569 2524 648 2589 quae
669 2501 708 2568 de
728 2501 836 2587 lingua
849 2508 881 2568 et
894 2501 1009 2586 linguis
1024 2503 1170 2588 ambigit,
1191 2525 1263 2572 cum
1277 2507 1356 2573 sari·
1375 2508 1427 2562 ⁰⁸⁹·
1439 2506 1493 2550 ⁰¹¹³·

263 2705 585 2777 heliud-alimmum.
631 2706 656 2762 3.
669 2707 777 2762 uomina
792 2707 858 2762 Aac.
872 2707 978 2762 nomine
990 2708 1089 2777 reliqui,
1135 2709 1211 2764 tite
1221 2711 1355 2781 amitiit.

194 2773 342 2856 baccatt.
374 2775 628 2859 'apostocam
675 2775 699 2832 7.
717 2777 855 2840 utentesh.
908 2775 933 2831 8.
951 2775 1197 2848 hiuttaiismto.
1250 2779 1275 2836 9.
1293 2780 1358 2836 alter

194 2845 231 2898 A·
244 2844 450 2984 Ἓῗέ.νὸῗὸωνό
462 2914 519 2967 ate.
536 2916 686 2984 insumptam
703 2923 741 2966 est
759 2913 898 2968 Duranius
910 2930 1014 2968 urseris
1026 2931 1160 2970 mauors.
1174 2947 1208 2958 -

229 3101 255 3155 b.
271 3099 390 3169 Hermas]
406 3100 694 3172 Quemjattacisss'mum
708 3117 752 3156 vo·
802 3100 907 3155 lastrius
919 3117 953 3156 ex
962 3101 1016 3154 Iob.
1028 3099 1176 3158 XXXVIII.
1189 3103 1240 3170 32,
1256 3107 1301 3160 ubi
1313 3125 1361 3178 μα·

195 3170 752 3242 estintracap.llt.,ooaampaqenamcap.
803 3169 900 3240 ἴουρὼθ
917 3169 1064 3223 Luciferum
1080 3172 1174 3226 eruditi
1190 3173 1360 3244 interpretau-

199 3237 237 3291 10.
271 3237 328 3320 (F)
803 3244 852 3290 tur.
869 3238 1361 3315 Denominibusiilissiderumpraeter

230 3323 252 3362 c.
269 3307 508 3428 ¹³⁰⁶ffl¹¹id²ffdg
518 3307 553 3361 Ut
568 3315 628 3362 anto
644 3308 753 3362 Aratum
803 3306 928 3358 Drusium
943 3313 1064 3360 accurate
1080 3308 1144 3362 Lud.
1161 3310 1282 3382 Gapolius
1300 3328 1361 3383 pag.

196 3374 322 3428 Homerus
357 3375 363 3388 “
399 3418 405 3432 .
524 3399 530 3428 :
803 3374 862 3427 460.
874 3391 927 3444 seq.
941 3374 1004 3455 Opp.
1016 3374 1206 3434 Postumcrum.
1242 3379 1299 3446 (F.)

233 3441 376 3510 ,Πληιάδας
399 3441 510 3506 autea
528 3462 562 3534 ρε,
580 3446 649 3497 τότε
670 3445 752 3506 σθένος
822 3442 853 3524 ¹i.
867 3445 1046 3496 esanetrsscri
1065 3447 1129 3526 turis
1141 3447 1283 3517 accipimus
1295 3464 1361 3502 uun.

231 3575 335 3649 Ἄρκτον
350 3577 402 3645 θ’ἣν
416 3581 455 3632 καὶ
465 3513 698 3652 apetadpdcdihh‘icc
710 3599 754 3633 aa·
804 3509 1230 3636 diddd]uddndthonsdetldddhhrqtdfd
1242 3533 1281 3636 ihx
1307 3533 1362 3636 cdd:

532 3647 652 3702 λέονσιν.”
681 3651 737 3717 (F.)
806 3650 1363 3705 camsacrorumlibrorumversionemtrau·

232 3717 256 3770 d
272 3718 412 3788 pogonias]
428 3718 506 3771 Velut
521 3719 549 3772 in
566 3717 678 3800 speciem
697 3719 755 3771 bar·
805 3717 941 3769 stulerunt.
967 3715 1119 3771 Eucherius:
1142 3758 1153 3780 ,
1164 3720 1233 3780 Quid
1246 3721 1297 3771 siti
1310 3721 1365 3772 cult

198 3785 247 3837 bae
258 3786 353 3854 longas
367 3787 502 3856 promissis
518 3787 596 3840 radius
632 3803 696 3840 enus
712 3803 754 3838 co·
806 3788 872 3853 quod
882 3785 946 3836 libro
958 3785 1026 3838 Htoh
1044 3796 1174 3838 auctorum
1190 3789 1362 3840 coemiterium

198 3853 375 3922 mutaremus
402 3871 436 3906 uo
447 3853 569 3908 Harduin.
578 3854 612 3909 ad
643 3855 754 3908 lin.T.l.
807 3855 1094 3922 cormaetudineleqimus
1106 3855 1232 3918 Pleiades,
1245 3855 1362 3920 Ortonas,

199 3935 259 4042 με..
271 3871 493 4060 dihsddodddirgih
508 3992 529 4046 l.
543 3990 638 4061 Georg.
651 3990 721 4044 tot:
806 3922 1245 4054 hhdhddtdczdddtddd'drddddtahifsd
1261 3923 1365 4062 redapldaed

234 4057 390 4120 ,Praeterea
412 4069 462 4110 tam
477 4069 534 4112 suat
551 4065 652 4112 arcun·
667 4061 755 4112 sidera
806 4075 851 4110 aas
867 4057 954 4108 torum
969 4059 1079 4110 siderum
1094 4060 1269 4127 mpauicaatia
1281 4065 1366 4130 possit

513 4130 583 4180 nobes
808 4143 859 4177 esse
879 4129 1049 4194 manifestior,
1075 4130 1115 4178 ita
1136 4126 1200 4179 haec
1222 4132 1364 4182 translator

233 4193 757 4266 Haedcrampuadiesseraoadtettucidas
808 4193 936 4264 (Graecas
960 4201 1050 4246 auctor
1066 4195 1208 4264 versionis)
1231 4199 1365 4267 appellare

438 4331 443 4336 Ι
513 4265 618 4332 capot?
630 4270 679 4318 etc.
699 4264 756 4331 (F.)
807 4262 896 4323 coluit,
915 4271 944 4312 ut
964 4281 1024 4313 usus
1038 4265 1191 4330 quantitatis
1208 4267 1364 4322 inuenerat.”

233 4331 252 4384 i.
269 4332 393 4386 amanus
402 4333 521 4400 nomina]
537 4332 607 4386 Male
618 4337 715 4385 raamias
727 4333 753 4384 in
804 4332 819 4393 (
819 4329 844 4381 F
843 4329 911 4394 adr.)

199 4401 326 4472 prioribus
338 4401 409 4455 editt.
444 4401 500 4467 (F.)
821 4396 849 4450 k.
861 4396 948 4450 diceus
953 4397 1002 4463 ita]
1013 4397 1081 4452 Pssi
1091 4398 1214 4457 CXLVII.
1220 4402 1245 4457 4.
1259 4400 1306 4468 ,‘0
1315 4399 1364 4472 ἀρι-

242 4509 249 4521 .
266 4468 312 4522 Iob
323 4467 459 4542 propheta]
470 4467 577 4522 Ioum.
585 4468 608 4522 9.
623 4466 669 4534 ,Ὀ
678 4469 755 4520 ποιῶν
807 4465 875 4536 θρῶν
897 4462 977 4531 πλήθη
1000 4463 1096 4536 ἄστρων
1131 4467 1171 4521 καὶ
1192 4473 1263 4523 πᾶσιν
1282 4469 1365 4530 αὐτοῖς

200 4483 304 4589 affictio
320 4537 361 4590 aui
379 4535 480 4608 ἕσπερον
503 4535 542 4589 sai
564 4533 698 4606 ἀρκτοῦρον
715 4536 756 4589 καὶ
808 4529 918 4604 ὀνόματα
930 4533 1037 4588 καλῶν.”
1072 4510 1129 4605 (Id.)

200 4608 290 4726 ταριῖα
305 4606 401 4658 νότου.”
436 4606 492 4674 (F.)
832 4604 849 4658 l.
861 4604 1366 4674 utsariptumast1LcccstilicetPsalmi

254 4673 473 4742 .ethucitsram]
496 4674 571 4733 Hunc
587 4671 685 4730 addidit
699 4670 758 4727 Phi·
808 4672 991 4728 iumsdducto.
1026 4674 1083 4741 (F.)

1127 4761 1163 4815 ,.
