<?xml version="1.0" encoding="UTF-8"?>
<!DOCTYPE html PUBLIC "-//W3C//DTD XHTML 1.0 Transitional//EN"
    "http://www.w3.org/TR/xhtml1/DTD/xhtml1-transitional.dtd">
<html xmlns="http://www.w3.org/1999/xhtml" xml:lang="en" lang="en">
 <head>
  <title>
</title>
<meta http-equiv="Content-Type" content="text/html;charset=utf-8" />
  <meta name='ocr-system' content='tesseract 3.04.00' />
  <meta name='ocr-capabilities' content='ocr_page ocr_carea ocr_par ocr_line ocrx_word'/>
</head>
<body>
  <div class='ocr_page' id='page_1' title='image "./corporishaerese02unkngoog_0253.png"; bbox 0 0 3046 5124; ppageno 0'>
   <div class='ocr_carea' id='block_1_1' title="bbox 253 316 1138 399">
    <p class='ocr_par' dir='ltr' id='par_1_1' title="bbox 253 316 1138 399">
     <span class='ocr_line' id='line_1_1' title="bbox 253 316 1138 399; baseline 0 -26"><span class='ocrx_word' id='word_1_1' title='bbox 253 334 314 399; x_wconf 73' lang='lat'><strong>234</strong></span> <span class='ocrx_word' id='word_1_2' title='bbox 718 331 946 374; x_wconf 76' lang='lat' dir='ltr'><strong>rmunnsrnmrr</strong></span> <span class='ocrx_word' id='word_1_3' title='bbox 1126 316 1138 343; x_wconf 76' lang='lat'><em>⁶</em></span> 
     </span>
    </p>
   </div>
   <div class='ocr_carea' id='block_1_2' title="bbox 117 487 1414 4486">
    <p class='ocr_par' dir='ltr' id='par_1_2' title="bbox 252 487 1408 656">
     <span class='ocr_line' id='line_1_2' title="bbox 252 487 1408 576; baseline 0.003 -24"><span class='ocrx_word' id='word_1_4' title='bbox 252 489 317 553; x_wconf 92' lang='lat' dir='ltr'><strong>Hos</strong></span> <span class='ocrx_word' id='word_1_5' title='bbox 333 488 465 553; x_wconf 90' lang='lat' dir='ltr'><strong>ecclesia</strong></span> <span class='ocrx_word' id='word_1_6' title='bbox 478 496 513 553; x_wconf 91' lang='lat' dir='ltr'><strong>ut</strong></span> <span class='ocrx_word' id='word_1_7' title='bbox 528 507 752 571; x_wconf 82' lang='lat' dir='ltr'><strong>energumenos</strong></span> <span class='ocrx_word' id='word_1_8' title='bbox 769 494 968 575; x_wconf 89' lang='lat' dir='ltr'><strong>computans,</strong></span> <span class='ocrx_word' id='word_1_9' title='bbox 982 509 1047 554; x_wconf 94' lang='lat' dir='ltr'><strong>non</strong></span> <span class='ocrx_word' id='word_1_10' title='bbox 1061 487 1254 574; x_wconf 83' lang='lat' dir='ltr'><strong>altercando,</strong></span> <span class='ocrx_word' id='word_1_11' title='bbox 1270 489 1328 556; x_wconf 89' lang='lat' dir='ltr'><strong>sed</strong></span> <span class='ocrx_word' id='word_1_12' title='bbox 1341 511 1408 576; x_wconf 94' lang='lat' dir='ltr'><strong>pro·</strong></span> 
     </span>
     <span class='ocr_line' id='line_1_3' title="bbox 253 591 558 656; baseline 0 -1"><span class='ocrx_word' id='word_1_13' title='bbox 253 592 374 655; x_wconf 91' lang='lat' dir='ltr'><strong>iciondo</strong></span> <span class='ocrx_word' id='word_1_14' title='bbox 390 591 558 656; x_wconf 89' lang='lat' dir='ltr'><strong>damnavit.</strong></span> 
     </span>
    </p>

    <p class='ocr_par' dir='ltr' id='par_1_3' title="bbox 141 693 1412 2013">
     <span class='ocr_line' id='line_1_4' title="bbox 141 693 1411 781; baseline 0 -21"><span class='ocrx_word' id='word_1_15' title='bbox 141 708 235 760; x_wconf 52' lang='grc' dir='ltr'>θεων.</span> <span class='ocrx_word' id='word_1_16' title='bbox 317 696 430 771; x_wconf 83' lang='lat' dir='ltr'><strong>Quarta</strong></span> <span class='ocrx_word' id='word_1_17' title='bbox 451 695 673 758; x_wconf 89' lang='lat' dir='ltr'><strong>Nicolaitarum</strong></span> <span class='ocrx_word' id='word_1_18' title='bbox 697 716 716 756; x_wconf 92' lang='lat' dir='ltr'><strong>a</strong></span> <span class='ocrx_word' id='word_1_19' title='bbox 740 693 883 758; x_wconf 87' lang='lat' dir='ltr'><strong>lNicolao</strong></span> <span class='ocrx_word' id='word_1_20' title='bbox 908 695 1046 757; x_wconf 89' lang='lat' dir='ltr'><strong>haeresis</strong></span> <span class='ocrx_word' id='word_1_21' title='bbox 1073 700 1123 758; x_wconf 90' lang='lat' dir='ltr'><strong>est</strong></span> <span class='ocrx_word' id='word_1_22' title='bbox 1146 695 1335 778; x_wconf 89' lang='lat' dir='ltr'><strong>adinventa,</strong></span> <span class='ocrx_word' id='word_1_23' title='bbox 1363 699 1411 781; x_wconf 91' lang='lat' dir='ltr'><strong>qui</strong></span> 
     </span>
     <span class='ocr_line' id='line_1_5' title="bbox 252 796 1411 882; baseline 0.003 -23"><span class='ocrx_word' id='word_1_24' title='bbox 252 817 332 859; x_wconf 89' lang='lat' dir='ltr'><strong>unus</strong></span> <span class='ocrx_word' id='word_1_25' title='bbox 354 818 391 860; x_wconf 82' lang='lat' dir='ltr'><strong>ex</strong></span> <span class='ocrx_word' id='word_1_26' title='bbox 413 804 534 882; x_wconf 78' lang='lat' dir='ltr'><strong>septem</strong></span> <span class='ocrx_word' id='word_1_27' title='bbox 557 797 738 860; x_wconf 84' lang='lat' dir='ltr'>diaconibus</span> <span class='ocrx_word' id='word_1_28' title='bbox 759 796 798 859; x_wconf 93' lang='lat' dir='ltr'><strong>ab</strong></span> <span class='ocrx_word' id='word_1_29' title='bbox 821 797 969 881; x_wconf 86' lang='lat' dir='ltr'><strong>apostolis</strong></span> <span class='ocrx_word' id='word_1_30' title='bbox 987 796 1147 862; x_wconf 89' lang='lat' dir='ltr'><strong>ordinatus</strong></span> <span class='ocrx_word' id='word_1_31' title='bbox 1168 804 1226 862; x_wconf 92' lang='lat' dir='ltr'><strong>est.</strong></span> <span class='ocrx_word' id='word_1_32' title='bbox 1264 798 1329 863; x_wconf 90' lang='lat' dir='ltr'><strong>Iste</strong></span> <span class='ocrx_word' id='word_1_33' title='bbox 1345 819 1411 863; x_wconf 90' lang='lat' dir='ltr'><strong>cun</strong></span> 
     </span>
     <span class='ocr_line' id='line_1_6' title="bbox 253 898 1411 985; baseline 0.003 -22"><span class='ocrx_word' id='word_1_34' title='bbox 253 899 289 963; x_wconf 88' lang='lat' dir='ltr'><strong>de</strong></span> <span class='ocrx_word' id='word_1_35' title='bbox 305 898 369 963; x_wconf 87' lang='lat' dir='ltr'><strong>nelo</strong></span> <span class='ocrx_word' id='word_1_36' title='bbox 384 900 609 984; x_wconf 87' lang='lat' dir='ltr'><strong>pulcherrimae</strong></span> <span class='ocrx_word' id='word_1_37' title='bbox 625 902 764 982; x_wconf 88' lang='lat' dir='ltr'><strong>coniugis</strong></span> <span class='ocrx_word' id='word_1_38' title='bbox 782 899 967 984; x_wconf 83' lang='lat' dir='ltr'><strong>culparetur,</strong></span> <span class='ocrx_word' id='word_1_39' title='bbox 983 899 1095 963; x_wconf 88' lang='lat' dir='ltr'><strong>docere</strong></span> <span class='ocrx_word' id='word_1_40' title='bbox 1114 903 1217 985; x_wconf 89' lang='lat' dir='ltr'><strong>coepit</strong></span> <span class='ocrx_word' id='word_1_41' title='bbox 1232 901 1411 966; x_wconf 78' lang='lat' dir='ltr'><strong>indifferen-</strong></span> 
     </span>
     <span class='ocr_line' id='line_1_7' title="bbox 252 1002 1411 1089; baseline 0.002 -23"><span class='ocrx_word' id='word_1_42' title='bbox 252 1008 299 1066; x_wconf 87' lang='lat' dir='ltr'><strong>ter</strong></span> <span class='ocrx_word' id='word_1_43' title='bbox 314 1003 427 1067; x_wconf 90' lang='lat' dir='ltr'><strong>debere</strong></span> <span class='ocrx_word' id='word_1_44' title='bbox 443 1005 488 1065; x_wconf 93' lang='lat' dir='ltr'><strong>uti</strong></span> <span class='ocrx_word' id='word_1_45' title='bbox 504 1002 703 1083; x_wconf 76' lang='lat' dir='ltr'><strong>coniugibuS,</strong></span> <span class='ocrx_word' id='word_1_46' title='bbox 724 1023 786 1066; x_wconf 92' lang='lat' dir='ltr'><strong>non</strong></span> <span class='ocrx_word' id='word_1_47' title='bbox 802 1003 903 1066; x_wconf 89' lang='lat' dir='ltr'><strong>solum</strong></span> <span class='ocrx_word' id='word_1_48' title='bbox 916 1002 1020 1084; x_wconf 75' lang='lat' dir='ltr'><strong>laioiS,</strong></span> <span class='ocrx_word' id='word_1_49' title='bbox 1040 1002 1096 1067; x_wconf 90' lang='lat' dir='ltr'><strong>sed</strong></span> <span class='ocrx_word' id='word_1_50' title='bbox 1118 1006 1214 1067; x_wconf 90' lang='lat' dir='ltr'><strong>etiam</strong></span> <span class='ocrx_word' id='word_1_51' title='bbox 1227 1004 1279 1068; x_wconf 92' lang='lat' dir='ltr'><strong>his</strong></span> <span class='ocrx_word' id='word_1_52' title='bbox 1296 1008 1348 1089; x_wconf 93' lang='lat' dir='ltr'><strong>qui</strong></span> <span class='ocrx_word' id='word_1_53' title='bbox 1364 1025 1411 1069; x_wconf 90' lang='lat' dir='ltr'><strong>sa·</strong></span> 
     </span>
     <span class='ocr_line' id='line_1_8' title="bbox 253 1104 1411 1193; baseline 0.002 -23"><span class='ocrx_word' id='word_1_54' title='bbox 253 1106 380 1171; x_wconf 89' lang='lat' dir='ltr'><strong>cerdotii</strong></span> <span class='ocrx_word' id='word_1_55' title='bbox 395 1106 597 1188; x_wconf 85' lang='lat' dir='ltr'><strong>iungerentur</strong></span> <span class='ocrx_word' id='word_1_56' title='bbox 618 1104 729 1167; x_wconf 84' lang='lat' dir='ltr'><strong>officio.</strong></span> <span class='ocrx_word' id='word_1_57' title='bbox 766 1105 830 1169; x_wconf 91' lang='lat' dir='ltr'><strong>Hos</strong></span> <span class='ocrx_word' id='word_1_58' title='bbox 852 1104 1012 1168; x_wconf 91' lang='lat' dir='ltr'><strong>damnavit</strong></span> <span class='ocrx_word' id='word_1_59' title='bbox 1032 1111 1160 1169; x_wconf 89' lang='lat' dir='ltr'><strong>sanetus</strong></span> <span class='ocrx_word' id='word_1_60' title='bbox 1182 1106 1320 1171; x_wconf 90' lang='lat' dir='ltr'><strong>Ioannes</strong></span> <span class='ocrx_word' id='word_1_61' title='bbox 1340 1128 1411 1193; x_wconf 89' lang='lat' dir='ltr'><strong>apo·</strong></span> 
     </span>
     <span class='ocr_line' id='line_1_9' title="bbox 252 1207 1412 1291; baseline 0.003 -19"><span class='ocrx_word' id='word_1_62' title='bbox 252 1209 349 1273; x_wconf 89' lang='lat' dir='ltr'><strong>stolus</strong></span> <span class='ocrx_word' id='word_1_63' title='bbox 365 1214 396 1271; x_wconf 92' lang='lat' dir='ltr'><strong>et</strong></span> <span class='ocrx_word' id='word_1_64' title='bbox 410 1207 610 1290; x_wconf 86' lang='lat' dir='ltr'><strong>evangelista,</strong></span> <span class='ocrx_word' id='word_1_65' title='bbox 623 1213 654 1269; x_wconf 90' lang='lat' dir='ltr'><strong>et</strong></span> <span class='ocrx_word' id='word_1_66' title='bbox 669 1209 759 1270; x_wconf 87' lang='lat' dir='ltr'><strong>iussit</strong></span> <span class='ocrx_word' id='word_1_67' title='bbox 773 1213 808 1270; x_wconf 93' lang='lat' dir='ltr'><strong>ut</strong></span> <span class='ocrx_word' id='word_1_68' title='bbox 822 1211 1009 1291; x_wconf 82' lang='lat' dir='ltr'><strong>quicumque</strong></span> <span class='ocrx_word' id='word_1_69' title='bbox 1025 1229 1097 1272; x_wconf 91' lang='lat' dir='ltr'><strong>cum</strong></span> <span class='ocrx_word' id='word_1_70' title='bbox 1108 1207 1156 1271; x_wconf 83' lang='lat' dir='ltr'><strong>&#39;eis</strong></span> <span class='ocrx_word' id='word_1_71' title='bbox 1171 1208 1223 1273; x_wconf 88' lang='lat' dir='ltr'><strong>vel</strong></span> <span class='ocrx_word' id='word_1_72' title='bbox 1238 1231 1412 1275; x_wconf 87' lang='lat' dir='ltr'><strong>sermonem</strong></span> 
     </span>
     <span class='ocr_line' id='line_1_10' title="bbox 252 1309 1411 1395; baseline 0.003 -20"><span class='ocrx_word' id='word_1_73' title='bbox 252 1310 407 1394; x_wconf 83' lang='lat' dir='ltr'><strong>conloquii</strong></span> <span class='ocrx_word' id='word_1_74' title='bbox 422 1312 634 1390; x_wconf 76' lang='lat' dir='ltr'><strong>miscuissent,</strong></span> <span class='ocrx_word' id='word_1_75' title='bbox 656 1331 695 1373; x_wconf 82' lang='lat' dir='ltr'><strong>ex</strong></span> <span class='ocrx_word' id='word_1_76' title='bbox 714 1309 773 1374; x_wconf 91' lang='lat' dir='ltr'><strong>hoc</strong></span> <span class='ocrx_word' id='word_1_77' title='bbox 792 1312 859 1394; x_wconf 91' lang='lat' dir='ltr'><strong>ipso</strong></span> <span class='ocrx_word' id='word_1_78' title='bbox 881 1312 1098 1375; x_wconf 88' lang='lat' dir='ltr'><strong>communione</strong></span> <span class='ocrx_word' id='word_1_79' title='bbox 1119 1313 1338 1395; x_wconf 80' lang='lat' dir='ltr'><strong>privarentur,</strong></span> <span class='ocrx_word' id='word_1_80' title='bbox 1360 1312 1411 1378; x_wconf 93' lang='lat' dir='ltr'><strong>do·</strong></span> 
     </span>
     <span class='ocr_line' id='line_1_11' title="bbox 252 1412 1411 1500; baseline 0 -22"><span class='ocrx_word' id='word_1_81' title='bbox 252 1435 326 1478; x_wconf 89' lang='lat' dir='ltr'><strong>cens</strong></span> <span class='ocrx_word' id='word_1_82' title='bbox 347 1413 571 1480; x_wconf 84' lang='lat' dir='ltr'><strong>rationabiliter</strong></span> <span class='ocrx_word' id='word_1_83' title='bbox 590 1434 608 1476; x_wconf 94' lang='lat' dir='ltr'><strong>a</strong></span> <span class='ocrx_word' id='word_1_84' title='bbox 627 1412 737 1477; x_wconf 90' lang='lat' dir='ltr'><strong>mundi</strong></span> <span class='ocrx_word' id='word_1_85' title='bbox 752 1415 875 1495; x_wconf 83' lang='lat' dir='ltr'><strong>origene</strong></span> <span class='ocrx_word' id='word_1_86' title='bbox 892 1412 949 1477; x_wconf 87' lang='lat' dir='ltr'><strong>deo</strong></span> <span class='ocrx_word' id='word_1_87' title='bbox 966 1416 1145 1479; x_wconf 79' lang='lat' dir='ltr'><strong>castitatem</strong></span> <span class='ocrx_word' id='word_1_88' title='bbox 1158 1412 1334 1500; x_wconf 90' lang='lat' dir='ltr'><strong>plurimum</strong></span> <span class='ocrx_word' id='word_1_89' title='bbox 1348 1414 1411 1500; x_wconf 92' lang='lat' dir='ltr'><strong>pla·</strong></span> 
     </span>
     <span class='ocr_line' id='line_1_12' title="bbox 252 1516 1411 1600; baseline 0.001 -20"><span class='ocrx_word' id='word_1_90' title='bbox 252 1519 369 1596; x_wconf 90' lang='lat' dir='ltr'><strong>ouisse,</strong></span> <span class='ocrx_word' id='word_1_91' title='bbox 389 1537 472 1580; x_wconf 91' lang='lat' dir='ltr'><strong>nunc</strong></span> <span class='ocrx_word' id='word_1_92' title='bbox 495 1521 599 1578; x_wconf 90' lang='lat' dir='ltr'><strong>autem</strong></span> <span class='ocrx_word' id='word_1_93' title='bbox 621 1519 714 1578; x_wconf 89' lang='lat' dir='ltr'><strong>etiam</strong></span> <span class='ocrx_word' id='word_1_94' title='bbox 730 1518 763 1579; x_wconf 91' lang='lat' dir='ltr'><strong>in</strong></span> <span class='ocrx_word' id='word_1_95' title='bbox 776 1517 878 1600; x_wconf 90' lang='lat' dir='ltr'><strong>seipso</strong></span> <span class='ocrx_word' id='word_1_96' title='bbox 894 1516 1052 1580; x_wconf 86' lang='lat' dir='ltr'><strong>Christum</strong></span> <span class='ocrx_word' id='word_1_97' title='bbox 1073 1516 1124 1580; x_wconf 89' lang='lat' dir='ltr'><strong>dei</strong></span> <span class='ocrx_word' id='word_1_98' title='bbox 1139 1516 1241 1581; x_wconf 87' lang='lat' dir='ltr'><strong>lilium</strong></span> <span class='ocrx_word' id='word_1_99' title='bbox 1261 1517 1411 1582; x_wconf 87' lang='lat' dir='ltr'><strong>eastitatis</strong></span> 
     </span>
     <span class='ocr_line' id='line_1_13' title="bbox 251 1617 1410 1702; baseline 0.002 -20"><span class='ocrx_word' id='word_1_100' title='bbox 251 1618 381 1701; x_wconf 88' lang='lat' dir='ltr'><strong>gloriam</strong></span> <span class='ocrx_word' id='word_1_101' title='bbox 396 1617 573 1699; x_wconf 87' lang='lat' dir='ltr'><strong>dedicasse,</strong></span> <span class='ocrx_word' id='word_1_102' title='bbox 596 1639 666 1681; x_wconf 92' lang='lat' dir='ltr'><strong>cum</strong></span> <span class='ocrx_word' id='word_1_103' title='bbox 680 1621 833 1699; x_wconf 85' lang='lat' dir='ltr'><strong>virginem</strong></span> <span class='ocrx_word' id='word_1_104' title='bbox 855 1619 1019 1702; x_wconf 91' lang='lat' dir='ltr'><strong>possidens</strong></span> <span class='ocrx_word' id='word_1_105' title='bbox 1034 1625 1167 1682; x_wconf 89' lang='lat' dir='ltr'><strong>matrem</strong></span> <span class='ocrx_word' id='word_1_106' title='bbox 1184 1622 1270 1702; x_wconf 86' lang='lat' dir='ltr'><strong>virgo</strong></span> <span class='ocrx_word' id='word_1_107' title='bbox 1285 1639 1410 1685; x_wconf 89' lang='lat' dir='ltr'><strong>mansu-</strong></span> 
     </span>
     <span class='ocr_line' id='line_1_14' title="bbox 252 1720 1410 1806; baseline 0.002 -22"><span class='ocrx_word' id='word_1_108' title='bbox 252 1743 304 1785; x_wconf 92' lang='lat' dir='ltr'><strong>rus</strong></span> <span class='ocrx_word' id='word_1_109' title='bbox 316 1721 436 1785; x_wconf 90' lang='lat' dir='ltr'><strong>nullum</strong></span> <span class='ocrx_word' id='word_1_110' title='bbox 447 1721 669 1806; x_wconf 91' lang='lat' dir='ltr'><strong>discipulorum</strong></span> <span class='ocrx_word' id='word_1_111' title='bbox 680 1743 807 1785; x_wconf 88' lang='lat' dir='ltr'><strong>suorum</strong></span> <span class='ocrx_word' id='word_1_112' title='bbox 819 1724 1073 1786; x_wconf 82' lang='lat' dir='ltr'><strong>commixtionem</strong></span> <span class='ocrx_word' id='word_1_113' title='bbox 1087 1724 1182 1785; x_wconf 89' lang='lat' dir='ltr'><strong>etiam</strong></span> <span class='ocrx_word' id='word_1_114' title='bbox 1194 1720 1328 1805; x_wconf 81' lang='lat' dir='ltr'><strong>legitimi</strong></span> <span class='ocrx_word' id='word_1_115' title='bbox 1341 1743 1410 1788; x_wconf 91' lang='lat' dir='ltr'><strong>con·</strong></span> 
     </span>
     <span class='ocr_line' id='line_1_15' title="bbox 251 1821 1410 1911; baseline 0.003 -24"><span class='ocrx_word' id='word_1_116' title='bbox 251 1826 326 1905; x_wconf 86' lang='lat' dir='ltr'><strong>iugii</strong></span> <span class='ocrx_word' id='word_1_117' title='bbox 340 1826 387 1887; x_wconf 90' lang='lat' dir='ltr'><strong>uti</strong></span> <span class='ocrx_word' id='word_1_118' title='bbox 401 1826 553 1908; x_wconf 90' lang='lat' dir='ltr'><strong>permisit,</strong></span> <span class='ocrx_word' id='word_1_119' title='bbox 568 1822 689 1887; x_wconf 89' lang='lat' dir='ltr'><strong>dicens:</strong></span> <span class='ocrx_word' id='word_1_120' title='bbox 712 1821 769 1888; x_wconf 71' lang='lat' dir='ltr'><strong>ag,-</strong></span> <span class='ocrx_word' id='word_1_121' title='bbox 783 1826 853 1908; x_wconf 81' lang='lat' dir='ltr'><strong>quia</strong></span> <span class='ocrx_word' id='word_1_122' title='bbox 866 1825 934 1888; x_wconf 82' lang='lat' dir='ltr'><strong>oolt</strong></span> <span class='ocrx_word' id='word_1_123' title='bbox 946 1827 1051 1889; x_wconf 76' lang='lat' dir='ltr'><strong>venire</strong></span> <span class='ocrx_word' id='word_1_124' title='bbox 1060 1836 1136 1910; x_wconf 84' lang='lat' dir='ltr'><strong>poet</strong></span> <span class='ocrx_word' id='word_1_125' title='bbox 1148 1847 1206 1906; x_wconf 79' lang='lat' dir='ltr'><strong>aaa,</strong></span> <span class='ocrx_word' id='word_1_126' title='bbox 1222 1824 1356 1911; x_wconf 74' lang='lat' dir='ltr'><strong>abnegat</strong></span> <span class='ocrx_word' id='word_1_127' title='bbox 1367 1847 1410 1890; x_wconf 80' lang='lat' dir='ltr'><strong>ae·</strong></span> 
     </span>
     <span class='ocr_line' id='line_1_16' title="bbox 250 1926 1110 2013; baseline 0.001 -22"><span class='ocrx_word' id='word_1_128' title='bbox 250 1929 353 2013; x_wconf 81' lang='lat' dir='ltr'><strong>c&#39;paum</strong></span> <span class='ocrx_word' id='word_1_129' title='bbox 367 1926 437 2008; x_wconf 69' lang='lat' dir='ltr'><strong>aba,</strong></span> <span class='ocrx_word' id='word_1_130' title='bbox 453 1938 481 1990; x_wconf 86' lang='lat' dir='ltr'><strong>et</strong></span> <span class='ocrx_word' id='word_1_131' title='bbox 495 1927 584 1990; x_wconf 85' lang='lat' dir='ltr'><strong>tollet</strong></span> <span class='ocrx_word' id='word_1_132' title='bbox 599 1949 721 1991; x_wconf 83' lang='lat' dir='ltr'><strong>erucem</strong></span> <span class='ocrx_word' id='word_1_133' title='bbox 731 1949 832 2006; x_wconf 82' lang='lat' dir='ltr'><strong>auom,</strong></span> <span class='ocrx_word' id='word_1_134' title='bbox 847 1938 876 1990; x_wconf 86' lang='lat' dir='ltr'><strong>et</strong></span> <span class='ocrx_word' id='word_1_135' title='bbox 889 1938 1040 2011; x_wconf 80' lang='lat' dir='ltr'><strong>aequatur</strong></span> <span class='ocrx_word' id='word_1_136' title='bbox 1054 1950 1110 1992; x_wconf 77' lang='lat' dir='ltr'><strong>aaa.</strong></span> 
     </span>
    </p>

    <p class='ocr_par' dir='ltr' id='par_1_4' title="bbox 145 2029 1412 3023">
     <span class='ocr_line' id='line_1_17' title="bbox 145 2029 1412 2110; baseline 0.001 -18"><span class='ocrx_word' id='word_1_137' title='bbox 145 2057 195 2110; x_wconf 54' lang='lat' dir='ltr'><strong>oq.</strong></span> <span class='ocrx_word' id='word_1_138' title='bbox 209 2057 234 2099; x_wconf 78' lang='lat' dir='ltr'><strong>o.</strong></span> <span class='ocrx_word' id='word_1_139' title='bbox 315 2030 429 2107; x_wconf 83' lang='lat' dir='ltr'><strong>Quinta</strong></span> <span class='ocrx_word' id='word_1_140' title='bbox 442 2029 580 2093; x_wconf 89' lang='lat' dir='ltr'><strong>haeresis</strong></span> <span class='ocrx_word' id='word_1_141' title='bbox 596 2029 887 2093; x_wconf 69' lang='lat' dir='ltr'><strong>saturninianorum</strong></span> <span class='ocrx_word' id='word_1_142' title='bbox 908 2036 965 2110; x_wconf 88' lang='lat' dir='ltr'><strong>est,</strong></span> <span class='ocrx_word' id='word_1_143' title='bbox 985 2029 1197 2094; x_wconf 85' lang='lat' dir='ltr'><strong>aSaturnino.</strong></span> <span class='ocrx_word' id='word_1_144' title='bbox 1234 2030 1294 2094; x_wconf 87' lang='lat' dir='ltr'><strong>Hic</strong></span> <span class='ocrx_word' id='word_1_145' title='bbox 1311 2029 1412 2095; x_wconf 88' lang='lat' dir='ltr'><strong>docuit</strong></span> 
     </span>
     <span class='ocr_line' id='line_1_18' title="bbox 251 2131 1409 2219; baseline 0 -22"><span class='ocrx_word' id='word_1_146' title='bbox 251 2139 372 2219; x_wconf 88' lang='lat' dir='ltr'><strong>septem</strong></span> <span class='ocrx_word' id='word_1_147' title='bbox 387 2133 513 2216; x_wconf 88' lang='lat' dir='ltr'><strong>angelos</strong></span> <span class='ocrx_word' id='word_1_148' title='bbox 527 2134 679 2196; x_wconf 89' lang='lat' dir='ltr'><strong>mundum</strong></span> <span class='ocrx_word' id='word_1_149' title='bbox 694 2133 819 2209; x_wconf 86' lang='lat' dir='ltr'><strong>lecisse;</strong></span> <span class='ocrx_word' id='word_1_150' title='bbox 841 2132 953 2216; x_wconf 87' lang='lat' dir='ltr'><strong>quibus</strong></span> <span class='ocrx_word' id='word_1_151' title='bbox 975 2132 1061 2197; x_wconf 90' lang='lat' dir='ltr'><strong>cordi</strong></span> <span class='ocrx_word' id='word_1_152' title='bbox 1080 2132 1139 2195; x_wconf 88' lang='lat' dir='ltr'><strong>fuit</strong></span> <span class='ocrx_word' id='word_1_153' title='bbox 1157 2131 1309 2197; x_wconf 85' lang='lat' dir='ltr'><strong>libidines</strong></span> <span class='ocrx_word' id='word_1_154' title='bbox 1329 2135 1409 2197; x_wconf 87' lang='lat' dir='ltr'><strong>insc-</strong></span> 
     </span>
     <span class='ocr_line' id='line_1_19' title="bbox 250 2234 1410 2318; baseline -0.001 -17"><span class='ocrx_word' id='word_1_155' title='bbox 250 2258 334 2318; x_wconf 91' lang='lat' dir='ltr'><strong>rere,</strong></span> <span class='ocrx_word' id='word_1_156' title='bbox 352 2242 388 2299; x_wconf 92' lang='lat' dir='ltr'><strong>ut</strong></span> <span class='ocrx_word' id='word_1_157' title='bbox 407 2236 554 2299; x_wconf 90' lang='lat' dir='ltr'><strong>alterutro</strong></span> <span class='ocrx_word' id='word_1_158' title='bbox 576 2236 740 2299; x_wconf 80' lang='lat' dir='ltr'><strong>diuersitas</strong></span> <span class='ocrx_word' id='word_1_159' title='bbox 762 2256 868 2315; x_wconf 84' lang='lat' dir='ltr'><strong>sexus,</strong></span> <span class='ocrx_word' id='word_1_160' title='bbox 889 2235 1025 2299; x_wconf 89' lang='lat' dir='ltr'><strong>mundus</strong></span> <span class='ocrx_word' id='word_1_161' title='bbox 1046 2256 1065 2297; x_wconf 94' lang='lat' dir='ltr'><strong>a</strong></span> <span class='ocrx_word' id='word_1_162' title='bbox 1085 2237 1133 2298; x_wconf 89' lang='lat' dir='ltr'><strong>sui</strong></span> <span class='ocrx_word' id='word_1_163' title='bbox 1152 2234 1215 2299; x_wconf 87' lang='lat' dir='ltr'><strong>fine</strong></span> <span class='ocrx_word' id='word_1_164' title='bbox 1239 2235 1410 2300; x_wconf 79' lang='lat' dir='ltr'><strong>refrenatus</strong></span> 
     </span>
     <span class='ocr_line' id='line_1_20' title="bbox 249 2336 1411 2424; baseline -0.002 -19"><span class='ocrx_word' id='word_1_165' title='bbox 249 2341 350 2424; x_wconf 89' lang='lat' dir='ltr'><strong>possit</strong></span> <span class='ocrx_word' id='word_1_166' title='bbox 365 2359 433 2402; x_wconf 89' lang='lat' dir='ltr'><strong>esse</strong></span> <span class='ocrx_word' id='word_1_167' title='bbox 449 2345 627 2424; x_wconf 88' lang='lat' dir='ltr'><strong>perpetuus.</strong></span> <span class='ocrx_word' id='word_1_168' title='bbox 650 2338 715 2402; x_wconf 89' lang='lat' dir='ltr'><strong>Hos</strong></span> <span class='ocrx_word' id='word_1_169' title='bbox 731 2336 1005 2401; x_wconf 82' lang='lat' dir='ltr'><strong>anathematizavit</strong></span> <span class='ocrx_word' id='word_1_170' title='bbox 1019 2337 1129 2402; x_wconf 88' lang='lat' dir='ltr'><strong>beatus</strong></span> <span class='ocrx_word' id='word_1_171' title='bbox 1145 2336 1283 2402; x_wconf 83' lang='lat' dir='ltr'><strong>Thomas</strong></span> <span class='ocrx_word' id='word_1_172' title='bbox 1299 2336 1411 2404; x_wconf 81' lang='lat' dir='ltr'><strong>Christi</strong></span> 
     </span>
     <span class='ocr_line' id='line_1_21' title="bbox 251 2440 1412 2528; baseline -0.002 -21"><span class='ocrx_word' id='word_1_173' title='bbox 251 2441 419 2528; x_wconf 87' lang='lat' dir='ltr'><strong>apostolus,</strong></span> <span class='ocrx_word' id='word_1_174' title='bbox 434 2441 551 2506; x_wconf 88' lang='lat' dir='ltr'><strong>docens</strong></span> <span class='ocrx_word' id='word_1_175' title='bbox 568 2440 793 2504; x_wconf 85' lang='lat' dir='ltr'><strong>rationabiliter</strong></span> <span class='ocrx_word' id='word_1_176' title='bbox 807 2440 959 2504; x_wconf 91' lang='lat' dir='ltr'><strong>mundum</strong></span> <span class='ocrx_word' id='word_1_177' title='bbox 975 2442 1099 2504; x_wconf 90' lang='lat' dir='ltr'><strong>initium</strong></span> <span class='ocrx_word' id='word_1_178' title='bbox 1114 2440 1275 2523; x_wconf 84' lang='lat' dir='ltr'><strong>habuisse,</strong></span> <span class='ocrx_word' id='word_1_179' title='bbox 1296 2442 1412 2527; x_wconf 78' lang='lat' dir='ltr'><strong>etquis</strong></span> 
     </span>
     <span class='ocr_line' id='line_1_22' title="bbox 250 2542 1410 2630; baseline -0.001 -20"><span class='ocrx_word' id='word_1_180' title='bbox 250 2546 375 2610; x_wconf 89' lang='lat' dir='ltr'><strong>initium</strong></span> <span class='ocrx_word' id='word_1_181' title='bbox 389 2544 513 2626; x_wconf 86' lang='lat' dir='ltr'><strong>habuit,</strong></span> <span class='ocrx_word' id='word_1_182' title='bbox 534 2543 574 2607; x_wconf 88' lang='lat' dir='ltr'><strong>ad</strong></span> <span class='ocrx_word' id='word_1_183' title='bbox 589 2544 683 2606; x_wconf 86' lang='lat' dir='ltr'><strong>finem</strong></span> <span class='ocrx_word' id='word_1_184' title='bbox 699 2564 766 2607; x_wconf 90' lang='lat' dir='ltr'><strong>esse</strong></span> <span class='ocrx_word' id='word_1_185' title='bbox 781 2549 959 2606; x_wconf 89' lang='lat' dir='ltr'><strong>venturum.</strong></span> <span class='ocrx_word' id='word_1_186' title='bbox 995 2542 1131 2625; x_wconf 85' lang='lat' dir='ltr'><strong>Angelos</strong></span> <span class='ocrx_word' id='word_1_187' title='bbox 1146 2549 1252 2608; x_wconf 89' lang='lat' dir='ltr'><strong>autem</strong></span> <span class='ocrx_word' id='word_1_188' title='bbox 1271 2545 1410 2630; x_wconf 90' lang='lat' dir='ltr'><strong>omnipo·</strong></span> 
     </span>
     <span class='ocr_line' id='line_1_23' title="bbox 250 2645 1410 2732; baseline -0.002 -19"><span class='ocrx_word' id='word_1_189' title='bbox 250 2652 382 2713; x_wconf 89' lang='lat' dir='ltr'><strong>tentiam</strong></span> <span class='ocrx_word' id='word_1_190' title='bbox 396 2646 511 2711; x_wconf 88' lang='lat' dir='ltr'><strong>babere</strong></span> <span class='ocrx_word' id='word_1_191' title='bbox 528 2667 590 2710; x_wconf 89' lang='lat' dir='ltr'><strong>non</strong></span> <span class='ocrx_word' id='word_1_192' title='bbox 607 2666 709 2731; x_wconf 88' lang='lat' dir='ltr'><strong>posse,</strong></span> <span class='ocrx_word' id='word_1_193' title='bbox 729 2651 760 2708; x_wconf 90' lang='lat' dir='ltr'><strong>et</strong></span> <span class='ocrx_word' id='word_1_194' title='bbox 774 2645 844 2710; x_wconf 92' lang='lat' dir='ltr'><strong>ideo</strong></span> <span class='ocrx_word' id='word_1_195' title='bbox 859 2645 1013 2711; x_wconf 90' lang='lat' dir='ltr'><strong>mundum</strong></span> <span class='ocrx_word' id='word_1_196' title='bbox 1029 2666 1081 2710; x_wconf 90' lang='lat' dir='ltr'><strong>eos</strong></span> <span class='ocrx_word' id='word_1_197' title='bbox 1096 2666 1160 2710; x_wconf 92' lang='lat' dir='ltr'><strong>non</strong></span> <span class='ocrx_word' id='word_1_198' title='bbox 1175 2646 1318 2732; x_wconf 86' lang='lat' dir='ltr'><strong>potuisse</strong></span> <span class='ocrx_word' id='word_1_199' title='bbox 1340 2667 1410 2714; x_wconf 89' lang='lat' dir='ltr'><strong>con·</strong></span> 
     </span>
     <span class='ocr_line' id='line_1_24' title="bbox 252 2747 1411 2835; baseline -0.003 -19"><span class='ocrx_word' id='word_1_200' title='bbox 252 2753 389 2816; x_wconf 89' lang='lat' dir='ltr'><strong>stituere.</strong></span> <span class='ocrx_word' id='word_1_201' title='bbox 418 2750 617 2814; x_wconf 83' lang='lat' dir='ltr'><strong>Conditorem</strong></span> <span class='ocrx_word' id='word_1_202' title='bbox 632 2754 736 2812; x_wconf 89' lang='lat' dir='ltr'><strong>autem</strong></span> <span class='ocrx_word' id='word_1_203' title='bbox 751 2747 860 2813; x_wconf 90' lang='lat' dir='ltr'><strong>mundi</strong></span> <span class='ocrx_word' id='word_1_204' title='bbox 876 2769 974 2813; x_wconf 91' lang='lat' dir='ltr'><strong>unum</strong></span> <span class='ocrx_word' id='word_1_205' title='bbox 985 2768 1053 2812; x_wconf 88' lang='lat' dir='ltr'><strong>esse</strong></span> <span class='ocrx_word' id='word_1_206' title='bbox 1066 2747 1170 2831; x_wconf 90' lang='lat' dir='ltr'><strong>deum,</strong></span> <span class='ocrx_word' id='word_1_207' title='bbox 1186 2769 1281 2835; x_wconf 91' lang='lat' dir='ltr'><strong>quem</strong></span> <span class='ocrx_word' id='word_1_208' title='bbox 1290 2748 1411 2835; x_wconf 82' lang='lat' dir='ltr'><strong>Moyses</strong></span> 
     </span>
     <span class='ocr_line' id='line_1_25' title="bbox 250 2852 1411 2941; baseline 0 -23"><span class='ocrx_word' id='word_1_209' title='bbox 250 2854 442 2941; x_wconf 86' lang='lat' dir='ltr'><strong>praedicavit</strong></span> <span class='ocrx_word' id='word_1_210' title='bbox 460 2855 574 2917; x_wconf 87' lang='lat' dir='ltr'><strong>iecisse</strong></span> <span class='ocrx_word' id='word_1_211' title='bbox 596 2852 716 2916; x_wconf 89' lang='lat' dir='ltr'><strong>caelum</strong></span> <span class='ocrx_word' id='word_1_212' title='bbox 737 2858 768 2915; x_wconf 92' lang='lat' dir='ltr'><strong>et</strong></span> <span class='ocrx_word' id='word_1_213' title='bbox 787 2856 902 2916; x_wconf 88' lang='lat' dir='ltr'><strong>terram</strong></span> <span class='ocrx_word' id='word_1_214' title='bbox 923 2857 953 2915; x_wconf 91' lang='lat' dir='ltr'><strong>et</strong></span> <span class='ocrx_word' id='word_1_215' title='bbox 975 2872 1076 2936; x_wconf 85' lang='lat' dir='ltr'><strong>mare,</strong></span> <span class='ocrx_word' id='word_1_216' title='bbox 1100 2858 1132 2917; x_wconf 89' lang='lat' dir='ltr'><strong>et</strong></span> <span class='ocrx_word' id='word_1_217' title='bbox 1151 2854 1258 2918; x_wconf 89' lang='lat' dir='ltr'><strong>omnia</strong></span> <span class='ocrx_word' id='word_1_218' title='bbox 1280 2855 1411 2938; x_wconf 87' lang='lat' dir='ltr'><strong>quaein</strong></span> 
     </span>
     <span class='ocr_line' id='line_1_26' title="bbox 252 2958 393 3023; baseline -0.035 0"><span class='ocrx_word' id='word_1_219' title='bbox 252 2958 297 3023; x_wconf 91' lang='lat' dir='ltr'><strong>eis</strong></span> <span class='ocrx_word' id='word_1_220' title='bbox 312 2963 393 3022; x_wconf 88' lang='lat' dir='ltr'><strong>sunt.</strong></span> 
     </span>
    </p>

    <p class='ocr_par' dir='ltr' id='par_1_5' title="bbox 134 3057 1410 3145">
     <span class='ocr_line' id='line_1_27' title="bbox 134 3057 1410 3145; baseline 0 -20"><span class='ocrx_word' id='word_1_221' title='bbox 134 3084 184 3137; x_wconf 64' lang='lat' dir='ltr'><strong>cea</strong></span> <span class='ocrx_word' id='word_1_222' title='bbox 197 3083 233 3126; x_wconf 83' lang='lat' dir='ltr'><strong>ra</strong></span> <span class='ocrx_word' id='word_1_223' title='bbox 315 3060 410 3125; x_wconf 83' lang='lat' dir='ltr'><strong>Sexta</strong></span> <span class='ocrx_word' id='word_1_224' title='bbox 424 3058 562 3122; x_wconf 87' lang='lat' dir='ltr'><strong>haeresis</strong></span> <span class='ocrx_word' id='word_1_225' title='bbox 578 3058 809 3123; x_wconf 84' lang='lat' dir='ltr'><strong>Gnosticorum:</strong></span> <span class='ocrx_word' id='word_1_226' title='bbox 830 3059 884 3142; x_wconf 93' lang='lat' dir='ltr'><strong>qui</strong></span> <span class='ocrx_word' id='word_1_227' title='bbox 899 3058 1064 3123; x_wconf 85' lang='lat' dir='ltr'><strong>Gnosticos</strong></span> <span class='ocrx_word' id='word_1_228' title='bbox 1079 3078 1113 3123; x_wconf 89' lang='lat' dir='ltr'><strong>se</strong></span> <span class='ocrx_word' id='word_1_229' title='bbox 1133 3057 1312 3145; x_wconf 87' lang='lat' dir='ltr'><strong>¹appellare</strong></span> <span class='ocrx_word' id='word_1_230' title='bbox 1326 3057 1410 3125; x_wconf 85' lang='lat' dir='ltr'><strong>volu·</strong></span> 
     </span>
    </p>

    <p class='ocr_par' dir='ltr' id='par_1_6' title="bbox 148 3160 1412 3657">
     <span class='ocr_line' id='line_1_28' title="bbox 148 3160 1410 3250; baseline -0.002 -22"><span class='ocrx_word' id='word_1_231' title='bbox 148 3195 149 3200; x_wconf 41' lang='lat'>¹</span> <span class='ocrx_word' id='word_1_232' title='bbox 252 3168 359 3244; x_wconf 89' lang='lat' dir='ltr'><strong>erunt,</strong></span> <span class='ocrx_word' id='word_1_233' title='bbox 375 3164 463 3246; x_wconf 92' lang='lat' dir='ltr'><strong>quasi</strong></span> <span class='ocrx_word' id='word_1_234' title='bbox 478 3169 605 3246; x_wconf 91' lang='lat' dir='ltr'><strong>propter</strong></span> <span class='ocrx_word' id='word_1_235' title='bbox 621 3162 785 3226; x_wconf 88' lang='lat' dir='ltr'><strong>scientiam</strong></span> <span class='ocrx_word' id='word_1_236' title='bbox 800 3160 1022 3243; x_wconf 85' lang='lat' dir='ltr'><strong>excellentem,</strong></span> <span class='ocrx_word' id='word_1_237' title='bbox 1038 3182 1110 3227; x_wconf 90' lang='lat' dir='ltr'><strong>cum</strong></span> <span class='ocrx_word' id='word_1_238' title='bbox 1123 3164 1305 3229; x_wconf 86' lang='lat' dir='ltr'><strong>miseriores</strong></span> <span class='ocrx_word' id='word_1_239' title='bbox 1322 3183 1410 3250; x_wconf 86' lang='lat' dir='ltr'><strong>supe·</strong></span> 
     </span>
     <span class='ocr_line' id='line_1_29' title="bbox 252 3263 1411 3347; baseline 0.001 -16"><span class='ocrx_word' id='word_1_240' title='bbox 252 3265 384 3331; x_wconf 87' lang='lat' dir='ltr'><strong>rioribus</strong></span> <span class='ocrx_word' id='word_1_241' title='bbox 401 3285 485 3345; x_wconf 88' lang='lat' dir='ltr'><strong>esse,</strong></span> <span class='ocrx_word' id='word_1_242' title='bbox 502 3286 579 3347; x_wconf 90' lang='lat' dir='ltr'><strong>quos</strong></span> <span class='ocrx_word' id='word_1_243' title='bbox 594 3264 849 3346; x_wconf 84' lang='lat' dir='ltr'><strong>memoravimus,</strong></span> <span class='ocrx_word' id='word_1_244' title='bbox 868 3263 1067 3330; x_wconf 88' lang='lat' dir='ltr'><strong>haberentur.</strong></span> <span class='ocrx_word' id='word_1_245' title='bbox 1103 3264 1228 3330; x_wconf 87' lang='lat' dir='ltr'><strong>Docens</strong></span> <span class='ocrx_word' id='word_1_246' title='bbox 1244 3287 1299 3332; x_wconf 87' lang='lat' dir='ltr'><strong>eos</strong></span> <span class='ocrx_word' id='word_1_247' title='bbox 1320 3268 1411 3332; x_wconf 90' lang='lat' dir='ltr'><strong>ratio·</strong></span> 
     </span>
     <span class='ocr_line' id='line_1_30' title="bbox 252 3360 1412 3453; baseline 0.001 -19"><span class='ocrx_word' id='word_1_248' title='bbox 252 3368 397 3434; x_wconf 88' lang='lat' dir='ltr'><strong>nabiliter</strong></span> <span class='ocrx_word' id='word_1_249' title='bbox 416 3368 526 3431; x_wconf 87' lang='lat' dir='ltr'><strong>beatus</strong></span> <span class='ocrx_word' id='word_1_250' title='bbox 546 3367 661 3430; x_wconf 88' lang='lat' dir='ltr'><strong>Paulus</strong></span> <span class='ocrx_word' id='word_1_251' title='bbox 682 3366 839 3453; x_wconf 88' lang='lat' dir='ltr'><strong>apostolus</strong></span> <span class='ocrx_word' id='word_1_252' title='bbox 855 3360 918 3432; x_wconf 87' lang='lat' dir='ltr'><strong>non</strong></span> <span class='ocrx_word' id='word_1_253' title='bbox 935 3367 991 3431; x_wconf 90' lang='lat' dir='ltr'><strong>deo</strong></span> <span class='ocrx_word' id='word_1_254' title='bbox 1008 3370 1139 3450; x_wconf 86' lang='lat' dir='ltr'><strong>servire,</strong></span> <span class='ocrx_word' id='word_1_255' title='bbox 1159 3367 1217 3433; x_wconf 89' lang='lat' dir='ltr'><strong>sed</strong></span> <span class='ocrx_word' id='word_1_256' title='bbox 1239 3389 1297 3433; x_wconf 89' lang='lat' dir='ltr'><strong>suo</strong></span> <span class='ocrx_word' id='word_1_257' title='bbox 1313 3370 1412 3435; x_wconf 83' lang='lat' dir='ltr'><strong>ventri</strong></span> 
     </span>
     <span class='ocr_line' id='line_1_31' title="bbox 252 3468 1411 3558; baseline 0.002 -21"><span class='ocrx_word' id='word_1_258' title='bbox 252 3480 284 3537; x_wconf 89' lang='lat' dir='ltr'><strong>et</strong></span> <span class='ocrx_word' id='word_1_259' title='bbox 298 3471 421 3537; x_wconf 91' lang='lat' dir='ltr'><strong>libidini</strong></span> <span class='ocrx_word' id='word_1_260' title='bbox 436 3470 560 3533; x_wconf 90' lang='lat' dir='ltr'><strong>inllatos</strong></span> <span class='ocrx_word' id='word_1_261' title='bbox 577 3490 660 3551; x_wconf 89' lang='lat' dir='ltr'><strong>esse,</strong></span> <span class='ocrx_word' id='word_1_262' title='bbox 681 3477 712 3533; x_wconf 92' lang='lat' dir='ltr'><strong>et</strong></span> <span class='ocrx_word' id='word_1_263' title='bbox 726 3468 804 3534; x_wconf 91' lang='lat' dir='ltr'><strong>nihil</strong></span> <span class='ocrx_word' id='word_1_264' title='bbox 820 3472 916 3552; x_wconf 89' lang='lat' dir='ltr'><strong>scire,</strong></span> <span class='ocrx_word' id='word_1_265' title='bbox 931 3477 963 3534; x_wconf 91' lang='lat' dir='ltr'><strong>et</strong></span> <span class='ocrx_word' id='word_1_266' title='bbox 978 3476 1137 3553; x_wconf 82' lang='lat' dir='ltr'><strong>aegrotare</strong></span> <span class='ocrx_word' id='word_1_267' title='bbox 1153 3472 1237 3536; x_wconf 87' lang='lat' dir='ltr'><strong>eirca</strong></span> <span class='ocrx_word' id='word_1_268' title='bbox 1257 3474 1411 3558; x_wconf 86' lang='lat' dir='ltr'><strong>quaestio·</strong></span> 
     </span>
     <span class='ocr_line' id='line_1_32' title="bbox 251 3573 678 3657; baseline -0.016 -16"><span class='ocrx_word' id='word_1_269' title='bbox 251 3597 306 3641; x_wconf 90' lang='lat' dir='ltr'><strong>nes</strong></span> <span class='ocrx_word' id='word_1_270' title='bbox 323 3583 355 3639; x_wconf 88' lang='lat' dir='ltr'><strong>et</strong></span> <span class='ocrx_word' id='word_1_271' title='bbox 369 3573 534 3638; x_wconf 83' lang='lat' dir='ltr'><strong>verborum</strong></span> <span class='ocrx_word' id='word_1_272' title='bbox 548 3593 678 3657; x_wconf 90' lang='lat' dir='ltr'><strong>pugnas.</strong></span> 
     </span>
    </p>

    <p class='ocr_par' dir='ltr' id='par_1_7' title="bbox 117 3675 1414 4486">
     <span class='ocr_line' id='line_1_33' title="bbox 117 3675 1413 3763; baseline 0.001 -18"><span class='ocrx_word' id='word_1_273' title='bbox 117 3704 172 3757; x_wconf 63' lang='lat' dir='ltr'><strong>cap.</strong></span> <span class='ocrx_word' id='word_1_274' title='bbox 185 3704 233 3745; x_wconf 83' lang='lat' dir='ltr'><strong>rrr</strong></span> <span class='ocrx_word' id='word_1_275' title='bbox 314 3679 624 3762; x_wconf 82' lang='lat' dir='ltr'><strong>Carpocratianorum</strong></span> <span class='ocrx_word' id='word_1_276' title='bbox 645 3678 777 3759; x_wconf 88' lang='lat' dir='ltr'><strong>septima</strong></span> <span class='ocrx_word' id='word_1_277' title='bbox 797 3683 846 3740; x_wconf 87' lang='lat' dir='ltr'><strong>est</strong></span> <span class='ocrx_word' id='word_1_278' title='bbox 859 3676 1013 3757; x_wconf 87' lang='lat' dir='ltr'><strong>haeresis,</strong></span> <span class='ocrx_word' id='word_1_279' title='bbox 1033 3675 1255 3763; x_wconf 81' lang='lat' dir='ltr'><strong>aOarpoerate</strong></span> <span class='ocrx_word' id='word_1_280' title='bbox 1276 3680 1413 3761; x_wconf 77' lang='lat' dir='ltr'><strong>invene,</strong></span> 
     </span>
     <span class='ocr_line' id='line_1_34' title="bbox 251 3779 1413 3868; baseline 0 -21"><span class='ocrx_word' id='word_1_281' title='bbox 251 3784 304 3868; x_wconf 92' lang='lat' dir='ltr'><strong>qui</strong></span> <span class='ocrx_word' id='word_1_282' title='bbox 325 3780 458 3846; x_wconf 86' lang='lat' dir='ltr'><strong>docebat</strong></span> <span class='ocrx_word' id='word_1_283' title='bbox 476 3785 646 3865; x_wconf 84' lang='lat' dir='ltr'><strong>potestates</strong></span> <span class='ocrx_word' id='word_1_284' title='bbox 665 3779 866 3844; x_wconf 88' lang='lat' dir='ltr'><strong>tenebrarum</strong></span> <span class='ocrx_word' id='word_1_285' title='bbox 885 3782 1021 3844; x_wconf 90' lang='lat' dir='ltr'><strong>transire</strong></span> <span class='ocrx_word' id='word_1_286' title='bbox 1041 3800 1105 3844; x_wconf 93' lang='lat' dir='ltr'><strong>non</strong></span> <span class='ocrx_word' id='word_1_287' title='bbox 1125 3799 1234 3865; x_wconf 88' lang='lat' dir='ltr'><strong>posse,</strong></span> <span class='ocrx_word' id='word_1_288' title='bbox 1254 3782 1318 3846; x_wconf 89' lang='lat' dir='ltr'><strong>nisi</strong></span> <span class='ocrx_word' id='word_1_289' title='bbox 1333 3780 1413 3849; x_wconf 86' lang='lat' dir='ltr'><strong>solos</strong></span> 
     </span>
     <span class='ocr_line' id='line_1_35' title="bbox 251 3881 1414 3969; baseline 0 -18"><span class='ocrx_word' id='word_1_290' title='bbox 251 3885 377 3969; x_wconf 91' lang='lat' dir='ltr'><strong>eosqui</strong></span> <span class='ocrx_word' id='word_1_291' title='bbox 398 3885 484 3948; x_wconf 91' lang='lat' dir='ltr'><strong>omni</strong></span> <span class='ocrx_word' id='word_1_292' title='bbox 508 3903 540 3945; x_wconf 89' lang='lat' dir='ltr'><strong>se</strong></span> <span class='ocrx_word' id='word_1_293' title='bbox 561 3881 746 3966; x_wconf 88' lang='lat' dir='ltr'><strong>turpitudini</strong></span> <span class='ocrx_word' id='word_1_294' title='bbox 771 3884 982 3947; x_wconf 89' lang='lat' dir='ltr'><strong>miscuissent.</strong></span> <span class='ocrx_word' id='word_1_295' title='bbox 1024 3883 1066 3947; x_wconf 92' lang='lat' dir='ltr'><strong>Hi</strong></span> <span class='ocrx_word' id='word_1_296' title='bbox 1086 3882 1248 3948; x_wconf 91' lang='lat' dir='ltr'><strong>dominum</strong></span> <span class='ocrx_word' id='word_1_297' title='bbox 1272 3892 1414 3951; x_wconf 89' lang='lat' dir='ltr'><strong>nostrum</strong></span> 
     </span>
     <span class='ocr_line' id='line_1_36' title="bbox 249 3984 1412 4070; baseline 0.003 -18"><span class='ocrx_word' id='word_1_298' title='bbox 249 3988 354 4053; x_wconf 91' lang='lat' dir='ltr'><strong>lesum</strong></span> <span class='ocrx_word' id='word_1_299' title='bbox 370 3988 407 4051; x_wconf 92' lang='lat' dir='ltr'><strong>de</strong></span> <span class='ocrx_word' id='word_1_300' title='bbox 423 3993 554 4070; x_wconf 91' lang='lat' dir='ltr'><strong>utroque</strong></span> <span class='ocrx_word' id='word_1_301' title='bbox 570 4006 646 4049; x_wconf 84' lang='lat' dir='ltr'><strong>sexu</strong></span> <span class='ocrx_word' id='word_1_302' title='bbox 662 3987 802 4068; x_wconf 87' lang='lat' dir='ltr'><strong>genitum</strong></span> <span class='ocrx_word' id='word_1_303' title='bbox 816 3985 1015 4067; x_wconf 89' lang='lat' dir='ltr'><strong>adserebant,</strong></span> <span class='ocrx_word' id='word_1_304' title='bbox 1029 3985 1086 4050; x_wconf 89' lang='lat' dir='ltr'><strong>sed</strong></span> <span class='ocrx_word' id='word_1_305' title='bbox 1096 3984 1193 4050; x_wconf 91' lang='lat' dir='ltr'><strong>talem</strong></span> <span class='ocrx_word' id='word_1_306' title='bbox 1206 3989 1350 4053; x_wconf 86' lang='lat' dir='ltr'><strong>animam</strong></span> <span class='ocrx_word' id='word_1_307' title='bbox 1364 4009 1412 4055; x_wconf 81' lang='lat' dir='ltr'><strong>ae·</strong></span> 
     </span>
     <span class='ocr_line' id='line_1_37' title="bbox 251 4088 1413 4179; baseline 0.003 -25"><span class='ocrx_word' id='word_1_308' title='bbox 251 4093 370 4175; x_wconf 86' lang='lat' dir='ltr'><strong>cepisse</strong></span> <span class='ocrx_word' id='word_1_309' title='bbox 391 4111 468 4176; x_wconf 87' lang='lat' dir='ltr'><strong>quae</strong></span> <span class='ocrx_word' id='word_1_310' title='bbox 490 4109 626 4173; x_wconf 90' lang='lat' dir='ltr'><strong>superna</strong></span> <span class='ocrx_word' id='word_1_311' title='bbox 646 4088 802 4154; x_wconf 89' lang='lat' dir='ltr'><strong>caelorum</strong></span> <span class='ocrx_word' id='word_1_312' title='bbox 827 4089 930 4154; x_wconf 87' lang='lat' dir='ltr'><strong>sciret</strong></span> <span class='ocrx_word' id='word_1_313' title='bbox 977 4088 1251 4155; x_wconf 84' lang='lat' dir='ltr'><strong>Resurrectionem</strong></span> <span class='ocrx_word' id='word_1_314' title='bbox 1277 4095 1413 4179; x_wconf 82' lang='lat' dir='ltr'><strong>corporis</strong></span> 
     </span>
     <span class='ocr_line' id='line_1_38' title="bbox 251 4191 1414 4278; baseline 0 -21"><span class='ocrx_word' id='word_1_315' title='bbox 251 4192 441 4276; x_wconf 88' lang='lat' dir='ltr'><strong>denegantes</strong></span> <span class='ocrx_word' id='word_1_316' title='bbox 456 4192 622 4278; x_wconf 90' lang='lat' dir='ltr'><strong>prophetas</strong></span> <span class='ocrx_word' id='word_1_317' title='bbox 639 4193 819 4256; x_wconf 89' lang='lat' dir='ltr'><strong>testamenti</strong></span> <span class='ocrx_word' id='word_1_318' title='bbox 833 4194 948 4257; x_wconf 85' lang='lat' dir='ltr'><strong>veteris</strong></span> <span class='ocrx_word' id='word_1_319' title='bbox 964 4191 1224 4257; x_wconf 80' lang='lat' dir='ltr'><strong>condemnabant</strong></span> <span class='ocrx_word' id='word_1_320' title='bbox 1246 4192 1414 4263; x_wconf 81' lang='lat' dir='ltr'><strong>Habebunt</strong></span> 
     </span>
     <span class='ocr_line' id='line_1_39' title="bbox 251 4295 1412 4383; baseline 0.003 -23"><span class='ocrx_word' id='word_1_321' title='bbox 251 4302 355 4360; x_wconf 90' lang='lat' dir='ltr'><strong>autem</strong></span> <span class='ocrx_word' id='word_1_322' title='bbox 369 4295 582 4361; x_wconf 89' lang='lat' dir='ltr'><strong>Mareellinam</strong></span> <span class='ocrx_word' id='word_1_323' title='bbox 598 4295 770 4378; x_wconf 91' lang='lat' dir='ltr'><strong>quandam,</strong></span> <span class='ocrx_word' id='word_1_324' title='bbox 789 4314 868 4379; x_wconf 88' lang='lat' dir='ltr'><strong>quae</strong></span> <span class='ocrx_word' id='word_1_325' title='bbox 888 4297 1041 4379; x_wconf 86' lang='lat' dir='ltr'><strong>imagines</strong></span> <span class='ocrx_word' id='word_1_326' title='bbox 1059 4296 1132 4360; x_wconf 85' lang='lat' dir='ltr'><strong>Iesu</strong></span> <span class='ocrx_word' id='word_1_327' title='bbox 1154 4296 1188 4360; x_wconf 77' lang='lat' dir='ltr'><strong>e&#39;t</strong></span> <span class='ocrx_word' id='word_1_328' title='bbox 1199 4295 1294 4363; x_wconf 88' lang='lat' dir='ltr'><strong>Pauli</strong></span> <span class='ocrx_word' id='word_1_329' title='bbox 1307 4302 1342 4363; x_wconf 87' lang='lat' dir='ltr'><strong>et</strong></span> <span class='ocrx_word' id='word_1_330' title='bbox 1353 4297 1412 4383; x_wconf 75' lang='lat' dir='ltr'><strong>Py·</strong></span> 
     </span>
     <span class='ocr_line' id='line_1_40' title="bbox 251 4396 1413 4486; baseline 0.005 -24"><span class='ocrx_word' id='word_1_331' title='bbox 251 4398 395 4483; x_wconf 86' lang='lat' dir='ltr'><strong>thagorae</strong></span> <span class='ocrx_word' id='word_1_332' title='bbox 410 4398 588 4484; x_wconf 92' lang='lat' dir='ltr'><strong>philosophi</strong></span> <span class='ocrx_word' id='word_1_333' title='bbox 602 4398 738 4483; x_wconf 90' lang='lat' dir='ltr'><strong>ponebat</strong></span> <span class='ocrx_word' id='word_1_334' title='bbox 751 4400 785 4462; x_wconf 90' lang='lat' dir='ltr'><strong>in</strong></span> <span class='ocrx_word' id='word_1_335' title='bbox 805 4396 910 4464; x_wconf 90' lang='lat' dir='ltr'><strong>medio</strong></span> <span class='ocrx_word' id='word_1_336' title='bbox 930 4397 1036 4485; x_wconf 90' lang='lat' dir='ltr'><strong>populi</strong></span> <span class='ocrx_word' id='word_1_337' title='bbox 1050 4418 1145 4485; x_wconf 87' lang='lat' dir='ltr'><strong>quem</strong></span> <span class='ocrx_word' id='word_1_338' title='bbox 1166 4396 1364 4486; x_wconf 85' lang='lat' dir='ltr'><strong>decipiebat,</strong></span> <span class='ocrx_word' id='word_1_339' title='bbox 1383 4407 1413 4467; x_wconf 80' lang='lat' dir='ltr'><strong>et</strong></span> 
     </span>
    </p>
   </div>
   <div class='ocr_carea' id='block_1_3' title="bbox 302 4548 1138 4689">
    <p class='ocr_par' dir='ltr' id='par_1_8' title="bbox 302 4548 1138 4689">
     <span class='ocr_line' id='line_1_41' title="bbox 302 4548 1138 4633; baseline 0.002 -30"><span class='ocrx_word' id='word_1_340' title='bbox 302 4549 365 4621; x_wconf 82' lang='lat' dir='ltr'><strong>Gap.</strong></span> <span class='ocrx_word' id='word_1_341' title='bbox 376 4548 420 4602; x_wconf 88' lang='lat' dir='ltr'><strong>IV.</strong></span> <span class='ocrx_word' id='word_1_342' title='bbox 432 4579 465 4589; x_wconf 95' lang='lat'><strong>—</strong></span> <span class='ocrx_word' id='word_1_343' title='bbox 479 4550 501 4603; x_wconf 88' lang='lat'><strong>1.</strong></span> <span class='ocrx_word' id='word_1_344' title='bbox 513 4550 553 4618; x_wconf 81' lang='lat' dir='ltr'><strong>Os.</strong></span> <span class='ocrx_word' id='word_1_345' title='bbox 567 4550 673 4630; x_wconf 69' lang='lat' dir='ltr'><strong>Ooteter.</strong></span> <span class='ocrx_word' id='word_1_346' title='bbox 686 4553 703 4603; x_wconf 81' lang='lat' dir='ltr'><strong>l.</strong></span> <span class='ocrx_word' id='word_1_347' title='bbox 715 4553 732 4602; x_wconf 81' lang='grc' dir='ltr'><strong>ἱ.</strong></span> <span class='ocrx_word' id='word_1_348' title='bbox 745 4569 769 4603; x_wconf 80' lang='lat' dir='ltr'><strong>a.</strong></span> <span class='ocrx_word' id='word_1_349' title='bbox 782 4549 822 4633; x_wconf 68' lang='lat' dir='ltr'><strong>lt.</strong></span> <span class='ocrx_word' id='word_1_350' title='bbox 874 4550 898 4605; x_wconf 76' lang='lat'><strong>2.</strong></span> <span class='ocrx_word' id='word_1_351' title='bbox 910 4549 1003 4606; x_wconf 70' lang='lat' dir='ltr'><strong>unuh.</strong></span> <span class='ocrx_word' id='word_1_352' title='bbox 1015 4549 1085 4618; x_wconf 80' lang='lat' dir='ltr'><strong>XVI,</strong></span> <span class='ocrx_word' id='word_1_353' title='bbox 1096 4549 1138 4605; x_wconf 78' lang='lat'><strong>24.</strong></span> 
     </span>
     <span class='ocr_line' id='line_1_42' title="bbox 302 4616 852 4689; baseline 0 -17"><span class='ocrx_word' id='word_1_354' title='bbox 302 4618 365 4689; x_wconf 82' lang='lat' dir='ltr'><strong>Gap.</strong></span> <span class='ocrx_word' id='word_1_355' title='bbox 376 4616 418 4672; x_wconf 87' lang='lat' dir='ltr'><strong>Vl.</strong></span> <span class='ocrx_word' id='word_1_356' title='bbox 431 4648 464 4658; x_wconf 97' lang='lat'>-</span> <span class='ocrx_word' id='word_1_357' title='bbox 479 4619 500 4670; x_wconf 93' lang='lat' dir='ltr'><strong>l.</strong></span> <span class='ocrx_word' id='word_1_358' title='bbox 513 4618 637 4688; x_wconf 82' lang='lat' dir='ltr'><strong>appellen</strong></span> <span class='ocrx_word' id='word_1_359' title='bbox 648 4618 704 4672; x_wconf 82' lang='lat' dir='ltr'><strong>MS.</strong></span> <span class='ocrx_word' id='word_1_360' title='bbox 716 4620 852 4687; x_wconf 72' lang='lat' dir='ltr'><strong>Aequorea.</strong></span> 
     </span>
    </p>
   </div>
   <div class='ocr_carea' id='block_1_4' title="bbox 0 0 1528 5124">
    <p class='ocr_par' dir='ltr' id='par_1_9' title="bbox 0 0 1528 5124">
     <span class='ocr_line' id='line_1_43' title="bbox 0 0 1528 5124; baseline 0 0"><span class='ocrx_word' id='word_1_361' title='bbox 0 0 1528 5124; x_wconf 95' lang='lat' dir='ltr'><strong> </strong></span> 
     </span>
    </p>
   </div>
  </div>
 </body>
</html>
