3046 5124
531 327 574 370 11
583 327 768 373 summos
1165 294 1227 397 303

68 483 205 550 induxit
242 480 401 549 Christum
422 502 544 568 quoque
565 484 603 549 de
623 486 741 568 virgine
762 484 841 550 nihil
857 486 995 569 corporis
1008 484 1228 571 assumpsisse,
1337 566 1344 577 1

69 585 125 651 sed
140 606 199 672 per
214 605 284 651 eam
299 588 388 670 qnasi
401 607 459 672 per
473 586 610 652 fistulam
624 589 775 652 transisse
789 591 941 652 assemnt.

128 688 185 766 ,l2.
208 687 363 774 Apellitae
379 710 511 772 quorum
524 689 652 776 Apelles
666 692 813 776 princeps
827 691 901 772 luit,
916 692 972 774 qui
984 695 1155 756 creatorem
1169 711 1226 756 an·

68 788 174 875 gelum
188 793 295 856 nescio
311 811 404 875 quom
418 790 587 874 gloriosmn
602 794 770 878 superioris
790 792 840 857 dei
854 793 974 858 faciens
986 791 1079 859 deum
1092 793 1227 876 Israelis,

68 891 162 959 illum
175 895 302 976 igneum
315 894 487 976 affirmans,
502 894 590 976 dixit,
606 893 764 960 Christum
777 916 841 961 non
856 894 950 961 deum
963 896 997 960 11
1011 897 1157 979 veritate,
1171 895 1227 960 sed

68 995 230 1063 hominem
244 995 277 1060 in
292 995 458 1080 phantasia
472 999 662 1082 apparuisse.

135 1097 186 1163 13.
207 1097 410 1163 Archontiaci
425 1120 444 1162 a
462 1099 657 1185 principibus
676 1099 887 1185 appellantur,
908 1102 962 1184 qui
980 1102 1227 1182 universitatem,

69 1220 166 1286 quam
181 1199 257 1265 deus
273 1199 424 1282 condidit,
440 1222 533 1286 opera
548 1222 617 1266 esse
628 1201 1077 1286 archangelommdefeudunt.

136 1303 187 1369 14.
210 1300 375 1368 Adamiani
390 1306 491 1368 vocati
507 1304 589 1388 quod
602 1304 705 1369 Adam
719 1307 881 1369 imitentur
895 1305 1084 1387 nuditatem,
1098 1305 1180 1370 unde
1196 1311 1229 1370 ct

68 1402 148 1471 nudi
164 1412 254 1470 orant
268 1411 300 1469 et
314 1405 390 1470 nudi
404 1408 488 1470 inter
502 1426 537 1470 se
551 1427 653 1471 mares
668 1408 862 1491 feminaeque
878 1410 1076 1473 conveniunt.

135 1507 186 1573 1⁵.
209 1506 352 1573 Gainiaui
365 1508 496 1594 proinde
512 1511 559 1573 sio
574 1509 723 1595 appellati
739 1513 887 1594 quoniam
902 1509 978 1574 Cain
992 1509 1132 1574 adorant.

136 1611 185 1674 16.
208 1609 351 1675 Sothiani
370 1631 485 1675 nomen
507 1618 696 1696 acceperunt
715 1634 735 1676 a
753 1611 815 1677 filio
836 1611 938 1677 Adam
958 1615 1012 1696 qui
1029 1619 1160 1678 vocatus
1181 1619 1229 1677 est

70 1710 159 1794 Seth,
176 1712 317 1777 dicentes
332 1712 466 1777 eundern
480 1733 550 1779 esse
566 1712 733 1779 Christum.

135 1815 185 1880 17.
207 1814 503 1881 Melchisedechiani
522 1818 625 1881 vocati
644 1838 699 1902 pro
721 1838 756 1882 eo
777 1818 860 1901 qnod
873 1816 1104 1883 Melchisedech
1125 1839 1227 1883 sacer-

70 1916 177 1983 dotem
193 1916 244 1982 dei
259 1938 321 1982 non
335 1917 495 1984 hominem
510 1919 622 2000 luisse,
643 1920 698 1984 sed
712 1919 861 1984 virtutem
877 1920 928 1985 dei
943 1941 1012 1984 esse
1028 1920 1227 1987 arbitrantur.
1319 1914 1322 1919 ’

135 2019 187 2084 18.
208 2019 352 2103 Angelici
366 2022 469 2085 uocati
483 2023 558 2105 quis
571 2021 697 2104 angelos
713 2021 828 2088 colunt.

135 2123 187 2188 19.
208 2122 380 2206 Apostolici
394 2123 464 2187 ideo
479 2122 536 2187 hoc
552 2123 613 2188 sibi
628 2144 742 2188 nomen
757 2133 1049 2210 praesumpserunt,
1063 2128 1136 2209 quia
1150 2127 1229 2192 nihil

69 2224 270 2322 1111ίᾴ11111
284 2227 444 2310 proprium
458 2245 656 2311 nequaquam
669 2227 827 2312 recipiunt
845 2247 897 2292 eos
919 2228 971 2312 qui
989 2228 1108 2313 aliquid
1121 2231 1155 2292 in
1169 2229 1228 2294 hoc

68 2326 188 2394 mundo
202 2334 342 2392 utuntur.

133 2430 186 2495 20.
209 2429 395 2495 Cerdoniani
410 2451 429 2494 a
443 2431 583 2497 Cerdone
599 2431 733 2516 quodam
747 2434 916 2515 nominati,
932 2434 985 2518 qui
999 2433 1059 2500 duo
1074 2437 1230 2522 principia

70 2534 229 2600 contraria
242 2535 384 2596 assernit.

134 2635 185 2701 21.
208 2635 426 2700 Marcionistae
447 2658 466 2699 a
486 2635 640 2702 Marcione
662 2637 764 2702 Stoico
785 2637 968 2722 philosopho
989 2639 1153 2725 appellati,
1176 2641 1229 2725 qui

70 2736 221 2804 Cerdonis
237 2737 348 2820 dogma
362 2745 488 2802 secutus
501 2738 635 2802 alterum
650 2739 777 2820 bonum,
790 2739 922 2804 alterum
936 2743 1054 2806 iustum
1069 2743 1162 2807 deum
1177 2764 1228 2807 as·

69 2842 180 2921 seruit,
193 2845 342 2924 tanquam
359 2839 418 2905 duo
433 2843 589 2925 principia
603 2845 752 2906 creatoris
767 2849 799 2905 et
813 2843 971 2908 bonitatis.

133 2942 185 3007 22.
208 2942 396 3025 Artotyritae
412 2941 451 3006 ab
467 2942 623 3008 oblatione
640 2942 726 3008 dieti.
747 2944 865 3009 Panem
877 2948 961 3010 enim
973 2953 1005 3010 et
1016 2967 1142 3013 caseum
1153 2949 1228 3013 olfe-

69 3051 146 3110 1111
158 3044 299 3109 dicentes
314 3044 422 3130 primis
438 3044 617 3110 hominibus
632 3046 820 3111 oblationem
839 3068 859 3110 a
877 3049 1030 3114 fructibus
1048 3055 1149 3116 terrae
1165 3057 1230 3115 eta

69 3147 225 3212 fructibus
239 3149 344 3212 ovium
360 3148 454 3211 tuisse
471 3146 669 3213 celebratam

133 3249 184 3313 23.
207 3250 336 3333 Aquarii
351 3249 499 3335 appellati
520 3270 556 3316 11
578 3251 659 3336 quod
679 3272 792 3336 aquam
813 3251 911 3319 solam
931 3254 1065 3320 11111111
1081 3257 1116 3321 in
1131 3256 1228 3322 calice

70 3354 269 3418 1111111111.

133 3453 184 3520 24.
207 3453 380 3537 8111111111,
394 3477 414 3519 1
428 3455 544 3520 811111
559 3457 791 3539 111111111111
806 3479 869 3525 111
884 3460 1227 3544 111111,1111111111-

69 3563 213 3624 mentum
228 3563 261 3621 et
274 3561 535 3625 resurrectionem
550 3580 613 3624 111
627 3561 791 3645 recipiunt

134 3659 185 3725 25.
209 3659 334 3725 Tatiani
349 3682 367 3725 1
383 3661 513 3728 Tatiano
530 3661 664 3746 quodem
684 3665 801 3746 vocati,
823 3666 876 3748 qui
898 3673 931 3729 11
943 3666 1121 3732 Encratitae
1141 3668 1229 3752 dicti,

71 3764 145 3848 quia
160 3784 269 3827 carnes
284 3763 511 3829 abominantur.

134 3867 186 3931 26.
207 3864 298 3949 Alogi
317 3875 467 3931 vocantur
486 3873 637 3953 tanquam
656 3870 724 3932 1111
743 3869 848 3933 verbo.
885 3867 989 3960 Λόγος
1008 3874 1094 3937 enim
1113 3874 1228 3939 Graece

70 3968 203 4037 verbum
217 3968 338 4033 dicitur.
360 3970 462 4034 Deum
477 3972 562 4034 enim
571 3969 702 4035 verbum
713 3991 776 4036 111
789 3970 929 4054 credunt,
943 3982 1125 4059 respuentes
1135 3976 1227 4043 loan-

71 4073 122 4137 nis
137 4071 334 4154 evangelium
350 4077 382 4135 et
395 4072 626 4158 Apocalypsim.

134 4174 185 4239 27.
209 4173 413 4260 Cataphrygis
428 4194 542 4239 nomen
557 4175 716 4259 provincia
728 4176 863 4259 Phrygia
877 4176 974 4259 dedit,
989 4181 1115 4263 qniaibi
1131 4186 1227 4248 exsti·

71 4282 178 4341 terunt
192 4281 334 4341 auctores
350 4297 457 4342 eorum
470 4277 648 4361 Montanae,
661 4278 769 4343 Prisca
789 4284 822 4341 et
834 4279 1013 4344 Maximilla.
1048 4284 1089 4348 Hi
1109 4284 1226 4352 adven·

71 4384 140 4445 tum
153 4381 283 4465 spiritus
298 4381 398 4443 sancti
413 4381 523 4444 nonin
538 4380 699 4465 apostolis,
714 4380 769 4445 sed
784 4383 818 4443 in
833 4401 867 4445 se
881 4382 1031 4450 traditum
1046 4395 1199 4454 assemnt

136 4479 187 4548 28.
211 4480 337 4547 Cathari
350 4486 477 4567 propter
490 4481 677 4549 munditiam
691 4484 736 4548 ita
750 4503 784 4546 se
799 4485 1046 4553 nominaverunt
1084 4491 1226 4558 Glorian-

72 4590 121 4649 tes
137 4586 221 4651 enim
237 4585 275 4650 de
291 4585 356 4650 suis
371 4583 490 4651 meritis
506 4591 622 4668 negant
635 4585 867 4671 paenitentibus
881 4591 1005 4657 veniam
1018 4600 1228 4682 peccatorum,

994 4691 1029 4746 20
