3046 5124
224 322 284 384 296
652 316 942 359 renone-mummi

223 473 273 538 ³in
288 475 444 539 dementia
455 479 661 558 assequuntur
675 477 837 538 insaniam.
853 474 951 538 ⁴Nam
962 494 1066 539 amore
1077 476 1216 539 nominis
1227 474 1374 556 martyri,

225 584 256 640 et
269 576 369 640 laudis
384 576 536 640 humanae
551 579 648 659 magis
664 597 757 660 quam
773 578 909 640 caritatis
925 576 1040 641 Christi
1055 577 1171 662 cupidi,
1192 580 1372 660 semetipsos

224 680 380 743 interdum
394 682 530 744 oratIone
546 680 630 742 facta
644 686 698 743 aut
712 680 892 764 praecipitio
908 685 960 744 aut
975 679 1120 745 incendio
1135 686 1200 761 aut,
1220 679 1316 743 ⁵aIios
1337 680 1376 741 cd

225 785 272 846 sui
293 803 403 846 necem
423 785 606 862 invitantes,
627 782 728 865 gladio
749 784 921 866 perimunt,
941 802 1001 866 que
1020 782 1173 846 uiolenter
1188 802 1228 849 ex
1243 782 1302 846 hac
1316 784 1377 845 rita

224 885 439 949 6discedentes
454 891 606 968 martyres
621 885 844 949 ⁷nomInentur.

45 1004 96 1055 cu-
109 1003 206 1045 xxxlss·
286 987 496 1052 Novatianus¹
514 989 630 1052 Romae
645 987 731 1051 urbis
746 987 908 1072 presbyter
923 994 953 1051 et
969 987 1116 1053 adversus
1132 987 1314 1053 Cornelium
1327 1008 1375 1053 ca·

223 1090 366 1154 thedram
380 1090 603 1154 sacerdotalem
623 1096 752 1154 cenatus
772 1090 919 1154 invadere
940 1090 1184 1155 Neratianorum
1204 1090 1318 1175 dogma
1331 1093 1376 1155 in·

224 1195 326 1275 struit,
341 1193 450 1257 nolens
465 1199 622 1277 apostatas
643 1195 811 1277 suscipere,
830 1198 862 1256 et
876 1194 1039 1277 baptisans
1059 1193 1243 1277 baptizatos.
1281 1194 1377 1258 Huius

224 1301 332 1360 auctor
346 1296 499 1359 ¹Nouatus
514 1294 571 1357 sech
587 1295 739 1379 Cypriane
754 1296 916 1379 presbyter
931 1296 998 1360 suit.

49 1413 99 1465 cu·
112 1414 206 1454 mlv·
286 1398 463 1462 Montenses
478 1398 626 1461 haeretiei
641 1399 774 1460 maxime
790 1400 823 1460 in
837 1397 921 1462 Urbe
943 1403 1024 1462 sunt.
1060 1399 1101 1463 Hi
1115 1403 1257 1484 temporo
1272 1419 1377 1484 perse·

225 1502 357 1565 cutionis
374 1521 444 1563 omn
459 1502 621 1584 seripturis
641 1501 674 1562 in
688 1500 847 1564 montibus
869 1499 1052 1564 latuerunt·.
1090 1501 1221 1578 Quando
1241 1503 1277 1565 in
1296 1501 1377 1567 Urbe

225 1608 323 1683 erant,
338 1605 473 1687 primum
493 1604 672 1686 passionum
687 1602 848 1686 suppliciis
868 1602 1082 1684 ¹restiternnt,
1103 1602 1176 1667 dein
1198 1609 1378 1668 constantes

224 1708 257 1769 in
272 1707 428 1789 preposito
440 1703 524 1768 ²cam
535 1711 770 1768 contemnerent
780 1705 934 1789 supplicia
944 1707 1134 1790 passionum,
1148 1706 1283 1770 artifieio
1294 1714 1377 1771 astu·

224 1809 285 1870 tiae
299 1828 355 1891 per
369 1828 505 1891 paganos
520 1807 640 1871 iudices
655 1807 703 1870 his
719 1809 868 1871 securitas
884 1807 1033 1871 attributa
1048 1813 1112 1888 est,
1133 1812 1168 1871 nt
1187 1808 1222 1873 in
1237 1808 1377 1874 ecclesiis

225 1915 366 1992 agerent,
381 1931 416 1973 ac
432 1910 499 1990 deo,
522 1911 603 1974 sicut
618 1916 858 1991 consueverunt,
874 1910 1072 1975 deservirent.
1109 1909 1231 1976 Dehinc
1250 1920 1378 1997 repente

225 2014 341 2076 invasis
357 2012 496 2076 eeclesiis
512 2015 681 2097 scripturae
697 2013 735 2077 ab
753 2011 885 2076 ethnicis
900 2012 1141 2098 comprehensae
1161 2020 1248 2095 sunt,
1267 2012 1377 2079 ³aesti·

223 2114 380 2178 mantibus
397 2116 477 2199 quod
493 2115 614 2180 facilius
630 2116 669 2179 ad
684 2115 778 2179 fidem
788 2122 945 2180 verterent
956 2116 1157 2196 Christianos,
1172 2118 1198 2179 si
1215 2117 1255 2182 ab
1266 2115 1378 2183 iisdem

225 2239 383 2282 sacrarum
394 2219 617 2303 scripturarum
627 2218 783 2303 praesidia
794 2219 1004 2284 sustulissent.
1028 2218 1115 2283 Hane
1131 2221 1221 2302 quasi
1236 2220 1377 2285 traditio·

224 2343 297 2385 nem
312 2324 536 2406 scripturarum
555 2321 599 2384 4si
615 2324 668 2404 qni
682 2320 868 2386 habItabant
882 2325 914 2385 In
930 2321 1088 2385 mentibus
1102 2320 1378 2405 ‘criminabantuu

225 2446 260 2488 ac
281 2444 314 2487 se
335 2424 542 2487 acatholicae
564 2423 713 2487 ecclesiae
735 2445 861 2509 corpore
883 2424 1063 2489 diviserunt.
1100 2424 1141 2488 Hi
1156 2444 1295 2509 namque
1310 2446 1378 2490 cum

225 2527 344 2591 duabus
360 2529 563 2611 suprapositis
577 2526 758 2591 haeresibus
773 2528 901 2591 faciunt.
937 2526 1018 2591 Nam
1039 2529 1072 2590 in
1087 2525 1231 2591 doctrina
1245 2548 1304 2592 sua
1317 2528 1377 2594 Do·

225 2632 421 2693 natianorum
436 2629 546 2711 dogma
561 2631 744 2714 suscipiunt.
780 2630 818 2693 In
838 2629 1022 2715 respuendis
1040 2648 1113 2693 vero
1134 2631 1378 2714 paenitentibus,

224 2733 331 2797 ultimo
340 2734 372 2795 in
380 2732 609 2817 rebaptizandis
618 2731 1042 2817 baptizatis,Noratianorum
1052 2738 1377 2816 sequuntnrerrorem.

61 2863 111 2913 cap.
124 2862 206 2904 xxxv.
287 2835 488 2899 ¹Arianerum
503 2834 640 2899 haeresis
656 2832 767 2899 ²Arius
782 2841 889 2900 auctor
903 2836 971 2898 fuit.
1008 2834 1066 2898 Hic
1081 2834 1212 2918 profano
1230 2834 1377 2921 eloquen-

222 2939 284 3001 tiae
315 2958 385 3001 suae
417 2939 528 3023 spiritu
557 2938 665 3002 doetus
699 2938 836 3002 adseruit
862 2958 926 3001 nen
952 2936 1178 3002 coaeternalem
1204 2957 1274 3003 esse
1301 2941 1378 3025 patri

224 3041 331 3103 filium.
353 3040 399 3104 De
414 3040 471 3105 hec
488 3040 579 3106 dicit:
594 3041 667 3106 Erat
683 3040 805 3125 quande
817 3061 880 3104 non
895 3046 972 3121 erat,
987 3060 1026 3103 ex
1040 3037 1134 3104 nullis
1149 3039 1253 3106 iactus
1268 3048 1378 3107 cxtsn·

223 3144 317 3225 tibus⁷
332 3143 364 3206 id
381 3148 428 3206 est
443 3164 480 3206 ex
496 3143 602 3208 nihile.

272 3328 296 3381 3.
308 3329 335 3380 in
348 3329 476 3380 dementia
487 3336 659 3410 assequuntur
670 3331 800 3383 insaniam
812 3348 863 3398 eqo.
875 3329 1033 3382 indementia
1044 3334 1189 3420 asperantur
1198 3329 1378 3385 insaniadlea.

222 3399 249 3451 in
262 3397 390 3450 dementia
402 3405 544 3465 sequuntur
556 3401 640 3450 ursani
654 3400 810 3453 Corsicam.
862 3399 887 3450 4.
898 3398 966 3451 Nam
978 3414 1064 3451 amora
1078 3399 1183 3451 toreter.
1194 3400 1211 3451 t
1221 3401 1239 3453 t.
1257 3398 1379 3453 Narrant

222 3484 307 3531 mere,
324 3482 409 3518 amore
426 3467 492 3518 dien.
561 3467 585 3519 5.
602 3468 667 3519 alios
684 3468 775 3520 adsui
793 3467 896 3521 Coteler.
911 3469 927 3519 I.
943 3468 959 3520 l.
977 3467 1042 3519 aiios
1060 3466 1102 3518 sui
1112 3464 1180 3519 Mera.
1233 3466 1257 3522 e.
1274 3466 1377 3522 descen-

223 3535 391 3588 dentesdlcn.
444 3534 467 3588 7.
480 3535 645 3587 nominantur
656 3537 723 3590 ritca.
1224 3532 1229 3543 '

272 3603 333 3674 Cap.
345 3603 470 3656 XXXIII.
483 3634 515 3642 —
530 3605 551 3655 l.
564 3603 679 3656 Necatus
692 3606 741 3658 sub
754 3603 882 3674 Cypriane
896 3623 948 3671 eye.
960 3602 1076 3657 Neratus
1089 3602 1218 3673 Cypriane
1230 3603 1300 3658 Meu.

274 3674 334 3742 Cap.
348 3672 471 3724 XXXIV.
483 3703 517 3711 —
531 3673 552 3726 l.
564 3673 731 3725 restituerunt
741 3672 808 3725 ,Item
870 3672 894 3726 9.
908 3689 967 3724 cnm
979 3677 1173 3725 contemnerent
1184 3670 1292 3725 Gotcler.
1302 3675 1319 3726 1.
1329 3676 1346 3728 t.
1352 3692 1378 3743 p.

223 3741 280 3794 789.
294 3746 487 3793 contemnerent
503 3741 570 3794 dicu.
633 3740 656 3794 3.
670 3741 865 3793 aestimantibus
883 3739 952 3809 qued
970 3740 1074 3794 Ceteter.
1084 3740 1100 3792 l.
1110 3742 1126 3792 Ι.
1144 3740 1378 3813 aestimantesque

224 3811 289 3862 sileo.
345 3810 370 3863 4.
382 3809 408 3860 hi
421 3811 466 3929 spui
479 3809 582 3861 Ceteler.
592 3811 608 3861 Ι.
618 3811 634 3860 l.
686 3809 709 3861 5.
723 3810 892 3862 criminantur
903 3810 970 3860 Mea.

274 3878 335 3948 Cap.
347 3878 429 3931 XXX
443 3879 459 3930 ⁷.
474 3910 505 3917 —
521 3879 541 3930 l.
554 3878 720 3931 Arrianorum
733 3878 799 3932 Iler.
852 3878 876 3932 ⁴2.
890 3877 979 3931 Arrius
991 3877 1058 3930 Iler.

223 4066 253 4101 ce
266 4048 333 4116 quod
346 4056 462 4118 agrestes
474 4055 548 4113 sunt,
565 4067 630 4118 qnos
642 4039 773 4117 Cetopitas
826 4049 980 4102 cerdetalem
996 4052 1103 4101 conatus
1120 4047 1242 4101 invadere
1253 4047 1379 4103 haeresim

224 4123 327 4179 uocant,
346 4118 508 4187 supradictae
525 4117 639 4171 haeresis
650 4117 774 4170 hahentes
824 4118 947 4181 instituit,
965 4119 1055 4170 nolens
1067 4122 1199 4186 apostatas
1209 4117 1339 4189 recipere,
1354 4124 1380 4173 et

223 4185 374 4238 doctrinam.
401 4187 434 4237 IIi
451 4203 538 4238 amore
550 4188 665 4239 marturii
682 4193 775 4238 semet·
826 4186 988 4255 rebaptizans
1000 4187 1032 4237 ha
1051 4184 1167 4238 tirates.'‘

223 4255 292 4321 ipsos
322 4242 776 4315 eripiunt,utrieIonterdehacu'ta
861 4203 1058 4323 CapXXth.
1074 4284 1107 4293 -
1124 4253 1187 4306 aiu
1198 4255 1334 4309 montibus
1345 4256 1379 4307 Ia·

222 4320 291 4373 disce
311 4328 381 4372 entes
393 4330 518 4390 martyres
531 4324 719 4378 nennnentur.'‘
826 4323 939 4391 tuerent]
969 4323 1058 4375 Isider.
1079 4322 1169 4401 Origg.
1190 4320 1272 4387 VIII,
1292 4324 1323 4389 5,
1339 4322 1379 4378 35.

256 4388 292 4441 Ca
312 4389 453 4441 XXXIII.
464 4422 496 4429 -
506 4408 529 4444 a.
539 4391 709 4459 Neratianus]
728 4392 774 4445 Isi·
827 4392 960 4452 „Montani
970 4390 1092 4444 haeretici
1107 4389 1169 4443 droti
1185 4390 1256 4471 <prod
1272 4392 1301 4445 in
1317 4398 1379 4445 tem·

223 4457 275 4509 der.
288 4405 377 4525 brigg.
390 4456 468 4521 VIII,
484 4458 512 4521 ὁ,
530 4460 571 4512 34.
596 4460 775 4523 „Neratiauia
824 4477 887 4530 pore
893 4460 1078 4530 persecutionis
1089 4459 1259 4513 iamentabne
1266 4460 1378 4519 latuereo

222 4524 322 4578 Novato
334 4525 405 4577 urbis
417 4524 515 4577 Romae
524 4528 673 4596 presbytero
682 4530 774 4593 exorti,
826 4545 878 4598 qua
889 4529 1024 4581 occasione
1035 4544 1064 4579 se
1075 4543 1092 4579 a
1103 4526 1245 4581 catholicae
1256 4530 1379 4583 ecclesiae

223 4593 267 4661 qui
279 4592 399 4645 adversus
413 4592 560 4647 Cornelium
576 4594 722 4649 cathedram
734 4614 774 4649 sa·
825 4612 931 4667 corpore
943 4594 1108 4650 diviserunt.‘'
