3046 5124
565 1281 599 1371 P
631 1285 672 1371 A
703 1283 741 1373 U
772 1283 807 1372 L
838 1283 859 1375 Ι

435 1471 487 1536 nr
510 1472 763 1581 emeremus
786 1473 988 1540 erasurus.

129 1769 261 1903 Simon
285 1831 409 1912 Petrus,
440 1831 558 1916 primus
584 1832 793 1917 apostolorum
813 1834 972 1900 aemulum
999 1835 1110 1900 habuit
1131 1836 1292 1908 Simonem
1310 1850 1391 1902 cro-1·

127 1954 265 2016 magum,
283 1933 421 2017 primum
435 1934 678 2015 haeretieorum,
698 1935 749 2000 oui
764 1941 795 1999 et
809 1936 1010 2002 maledixisse
1025 1937 1139 2020 legitur
1152 1938 1186 2002 in
1202 1938 1291 2002 Aeti-

128 2037 187 2103 bus
207 2034 443 2122 Apostolorum,
462 2059 518 2121 pro
539 2057 575 2101 eo
603 2039 703 2121 lquod
727 2041 856 2123 spiritus
876 2043 979 2103 saneti
998 2041 1130 2123 gratiam
1151 2047 1293 2124 putasset

127 2139 264 2226 pecunia
279 2139 452 2204 emendam.
489 2140 573 2205 Haeo
588 2141 743 2223 haeresis,
758 2147 910 2224 quantum
924 2142 964 2207 ad
978 2142 1144 2207 avaritiam
1158 2149 1291 2226 spectat,

127 2262 226 2326 usque
242 2240 334 2306 hodie
349 2240 560 2326 ⁹persovorat,
580 2243 722 2327 quamvis
737 2244 931 2328 periculosa,
951 2251 983 2308 et
997 2250 1151 2328 quatenus
1171 2246 1289 2310 intelli-

126 2344 289 2430 gendasit,
307 2344 479 2429 capitulum
487 2348 614 2410 tertium
629 2347 731 2429 quarti
743 2346 929 2411 universalis
945 2347 1070 2412 ooneilii
1086 2347 1169 2434 apud
1184 2348 1289 2413 ³Chal-

127 2447 280 2513 redonam
299 2469 319 2510 a
338 2450 495 2512 sexcentis
513 2448 596 2512 XXX
617 2448 717 2513 habiti
737 2449 784 2513 sio
805 2450 956 2513 ostendite
983 2450 1019 2514 Si
1038 2450 1109 2534 quis
1124 2451 1290 2538 episeopus

124 2571 182 2636 par
196 2550 364 2635 pecuniam
378 2550 488 2614 feeerit
502 2551 741 2634 ordinationem,
757 2557 788 2616 et
802 2552 861 2615 sub
872 2555 971 2638 pretio
984 2553 1140 2637 redegerit
1149 2557 1291 2638 gratiam,

126 2672 206 2738 quae
227 2674 289 2716 non
310 2658 414 2738 potest
433 2652 543 2734 vendi,
564 2654 815 2738 ordinaveritque
835 2676 892 2740 per
911 2656 1078 2740 pecuniam
1097 2657 1291 2742 episcopum,

125 2761 182 2821 aut
195 2756 424 2842 presbyterum,
443 2763 498 2819 aut
512 2756 689 2839 diaconum,
711 2757 760 2822 vel
781 2756 953 2840 quemlibet
973 2779 1011 2822 ex
1031 2758 1080 2823 his
1101 2762 1155 2842 qui
1170 2780 1289 2824 connu-

125 2864 288 2924 merantur
302 2861 335 2922 in
351 2858 444 2940 clero,
464 2866 520 2923 aut
532 2863 723 2943 promoverit
735 2881 793 2946 per
806 2862 956 2945 pecunias
972 2861 1221 2945 dispensatorem
1236 2869 1291 2928 aut

125 2960 333 3042 defensorem,
348 2961 397 3026 vel
414 2982 567 3045 quemque
583 2965 636 3046 qui
652 2963 810 3027 subiectus
827 2969 876 3027 est
889 2963 1023 3046 regulae,
1037 2986 1093 3049 pro
1109 2968 1157 3030 sui
1173 2966 1288 3051 turpis-

125 3064 198 3131 simi
213 3064 294 3129 luori
305 3064 479 3146 commodo,
499 3067 537 3145 is,
558 3065 608 3128 eui
623 3066 681 3130 hoe
697 3068 898 3150 attemptanti
912 3066 1080 3150 probatum
1093 3067 1198 3151 fuerit,
1216 3091 1289 3154 pro-

124 3167 186 3254 prii
201 3168 316 3251 gradus
330 3167 469 3252 periculo
491 3168 678 3250 subiacebit,
697 3175 729 3232 et
748 3168 802 3252 qui
822 3168 983 3234 ordinatus
999 3175 1057 3252 est,
1077 3170 1158 3235 nihil
1177 3192 1214 3236 ex
1229 3173 1289 3237 hae

125 3271 320 3336 ordinatione
334 3269 406 3333 4aut
417 3270 620 3355 promotione,
636 3290 715 3353 quae
727 3277 775 3335 est
789 3292 844 3355 per
855 3273 1098 3355 negotiationem
1108 3273 1202 3355 laeta,
1215 3297 1288 3360 pro·

74 3403 78 3416 ³
124 3373 223 3456 fieiat,
237 3373 280 3437 sit
293 3373 415 3436 alienus
431 3394 468 3437 ea
482 3374 633 3456 dignitate
648 3374 697 3439 vel
713 3373 922 3440 sollieitudine
935 3396 1027 3460 quam
1037 3377 1180 3462 pecuniis
1193 3398 1287 3461 quae-

124 3476 209 3541 sivit.
240 3475 274 3540 Si
290 3476 360 3559 quis
375 3497 448 3541 vero
463 3478 617 3541 mediator
632 3483 697 3541 tam
711 3475 856 3563 turpibus
871 3485 903 3542 et
917 3479 1060 3543 nefandis
1073 3479 1155 3544 datis
1170 3479 1218 3543 vel
1234 3501 1287 3544 ae-

125 3580 225 3664 oeptis
241 3578 390 3660 extiterit,
406 3580 433 3642 si
449 3580 575 3664 quidem
587 3580 719 3646 olerieus
731 3581 835 3663 luerit,
849 3583 974 3668 proprio
986 3583 1084 3664 gradu
1099 3581 1239 3664 deeidat,
1261 3584 1289 3647 si

123 3702 197 3746 vero
212 3680 312 3746 laicus
327 3682 401 3759 {aut
419 3683 602 3765 monachus,
617 3683 907 3750 anathematizetur.
944 3686 1040 3750 Porro
1056 3689 1174 3768 quauta
1191 3705 1287 3748 vena·

123 3785 245 3850 ratione
261 3786 496 3871 suscipiendum
510 3786 553 3850 sit
567 3787 625 3851 hoe
641 3786 813 3871 capitulum
832 3787 1050 3853 6beatissimus
1069 3808 1151 3872 papa
1172 3788 1287 3871 Grego-

124 3889 189 3952 rius
208 3886 280 3951 huis
301 3888 438 3952 nominis
458 3888 577 3973 primus
597 3888 631 3952 in
654 3910 711 3953 sua
730 3891 881 3973 synodica
900 3889 1054 3972 declarat,
1080 3889 1135 3955 ubi
1154 3896 1288 3974 quatuor

124 3990 314 4055 universalia
329 3991 472 4071 eoncilia,
487 4012 525 4054 ex
540 3993 653 4075 quibus
668 3992 754 4058 istud
769 3999 913 4076 quartum
928 3998 986 4073 est,
1006 3998 1137 4076 quatuor
1152 4014 1285 4077 evange-

124 4091 350 4178 liisoomparat.
375 4093 445 4157 Alia
456 4093 715 4177 Simoniacorum,
727 4095 794 4160 sive
803 4094 1064 4177 Simonianorum,
1073 4095 1211 4161 haeresis
1224 4097 1286 4162 iam

124 4195 254 4280 antiqua
269 4202 327 4278 est,
343 4216 404 4279 qua
419 4196 565 4261 dixerunt
580 4204 753 4263 ereaturam
768 4218 831 4261 non
847 4219 866 4260 a
880 4196 949 4280 deo,
969 4197 1025 4262 sed
1044 4199 1193 4264 avirtuto
1209 4221 1285 4283 qua-

125 4296 198 4363 dam
212 4318 348 4383 superna
360 4304 505 4363 creatam.

192 4483 254 4566 Gap.
266 4483 285 4537 Ι.
299 4514 330 4523 -
352 4484 373 4538 l.
386 4484 431 4553 qui
442 4485 520 4536 codex
531 4494 640 4554 uterque.
692 4487 716 4540 2.
734 4487 767 4538 In
777 4495 835 4539 vett.
847 4487 921 4539 litra'a
932 4488 1060 4543 deductio
1078 4498 1117 4542 eat
1129 4495 1284 4560 perseverat.

123 4551 248 4616 Quamvis
261 4562 317 4606 cett.
368 4552 393 4606 3.
411 4551 583 4606 calcedonam
595 4553 689 4607 tabent
702 4556 771 4618 turi,
783 4558 986 4623 quemadmodum
998 4562 1074 4611 auam
1086 4563 1159 4628 infra
1172 4577 1230 4630 cop.
1242 4559 1284 4614 45.

124 4621 149 4677 4.
160 4626 191 4675 ut
202 4625 258 4677 cod.
269 4631 378 4691 uterque.
430 4621 455 4675 5.
467 4628 497 4674 ut
509 4625 562 4676 eod.
574 4631 683 4691 uterque.
737 4621 761 4675 6.
773 4623 952 4679 beatissimum
965 4628 1036 4680 codd.
