3046 5124
252 356 314 421 318
487 350 490 355 ·
791 359 877 400 unum

253 510 384 596 nuptiali
407 510 490 576 coitu
510 512 607 577 fuisse
629 520 825 599 conceptum.
863 514 979 579 Contra
997 514 1056 580 hos
1076 516 1205 600 scripsit
1218 514 1413 583 'Audentius

251 616 409 700 Hispanus
425 618 598 701 episeopus.

77 733 127 785 Can.
142 734 235 775 xxxu.
315 718 501 782 Eunomiani
519 719 557 783 ab
569 719 721 784 Eunomio
734 720 868 804 quodam
880 720 1054 803 dialectico,
1070 721 1171 787 ¹Aiitii
1184 721 1350 809 discipulo,
1360 744 1415 789 no·

253 923 362 987 dieunt
377 925 471 988 etiam
486 923 607 988 nullum
622 925 770 1009 imputari
790 934 954 1011 peecatum
972 929 1007 991 in
1027 927 1088 991 fids
1108 932 1320 995 manentium.
1355 930 1416 994 Re-

253 1027 448 1111 sponderunt
462 1030 507 1093 eis
523 1027 745 1113 ³Apollinaris‚
760 1028 928 1112 Didyme,
942 1029 1079 1094 Basilius
1094 1031 1325 1114 Caesariensis,
1340 1033 1416 1099 Gre-

251 1133 354 1212 gorius
369 1131 602 1196 *Nazianzenus
618 1137 649 1194 et
665 1133 830 1215 Gregorius
845 1131 1017 1215 Nyssenus.

64 1246 114 1297 cup.
128 1246 233 1287 mvn·
313 1233 556 1317 Apollinaristae
580 1235 618 1298 ab
640 1233 816 1320 Apollinari
837 1240 912 1298 sunt
935 1235 1056 1318 vocati,
1085 1235 1228 1301 dicentes
1256 1237 1416 1303 Christum

250 1356 362 1420 eorpus
385 1338 601 1403 tantummodo
625 1341 693 1402 sine
716 1339 824 1403 anima
844 1340 1030 1424 suscepisse.
1071 1338 1130 1403 His
1152 1359 1277 1423 quoque
1300 1340 1417 1405 restitit

248 1440 451 1524 Augustinus

49 1553 99 1604 ean·
112 1555 230 1596 xxxvffl-
313 1543 621 1627 ¹Metangismonitae
649 1544 719 1608 ideo
742 1542 803 1621 tale
829 1564 944 1608 nornen
970 1550 1176 1630 acceperunt,
1203 1546 1280 1629 quia
1305 1543 1415 1637 ’ἄγγος

251 1647 367 1711 Graece
382 1669 438 1712 vas
453 1647 575 1712 dicitur.
612 1647 768 1711 Asserunt
787 1648 872 1711 enim
892 1650 937 1712 sie
957 1650 991 1711 in
1009 1654 1097 1733 patre
1117 1668 1187 1713 esse
1207 1648 1325 1731 filium,
1344 1656 1413 1713 tan·

250 1770 344 1833 quam
359 1771 414 1814 vas
429 1752 532 1814 minus
548 1753 645 1813 intrat
658 1753 769 1814 maius.

72 1862 123 1914 Can·
137 1863 232 1905 mlx·
311 1854 481 1918 Patriciani
502 1876 520 1917 a
541 1853 675 1937 quodam
695 1854 831 1918 Patricio
852 1853 1005 1917 nominati
1020 1859 1109 1936 sunt,
1127 1856 1182 1938 qui
1202 1856 1412 1922 substantiam

248 1956 403 2020 humanae
419 1958 522 2020 earnis
538 1978 556 2019 a
572 1955 694 2020 diabolo
711 1954 867 2020 conditam
885 1977 953 2019 esse
970 1955 1087 2020 dicunt.

123 2086 174 2136 usp.
187 2086 231 2127 xu.
312 2060 507 2124 ¹Coluthiani
522 2081 540 2123 a
556 2058 690 2144 quodum
706 2057 836 2123 Colutho
852 2057 943 2141 dicti,
966 2059 1020 2143 qui
1042 2058 1151 2123 dicunt
1170 2058 1267 2126 deum
1287 2082 1352 2128 non
1366 2062 1410 2125 ia·

249 2183 318 2227 cere
327 2163 420 2245 mala,
436 2162 629 2228 eontraillud
638 2161 721 2246 quod
733 2162 951 2245 scriptumest,
964 2160 1027 2244 Ego
1041 2161 1184 2227 dominus
1196 2184 1309 2229 creans
1320 2164 1410 2231 mala

112 2290 162 2341 cap.
176 2291 230 2331 xor
311 2266 447 2331 Floriani
463 2288 482 2329 a
496 2265 634 2346 Florino,
655 2266 709 2348 qui
729 2285 746 2328 s
768 2266 923 2329 contrario
943 2263 1053 2329 dicunt
1071 2263 1166 2330 deum
1180 2286 1306 2333 creasse
1319 2265 1410 2348 mala,

248 2375 357 2435 eontra
371 2369 403 2433 id
420 2367 501 2453 quod
517 2370 668 2451 seriptum
684 2373 742 2451 est,
756 2367 843 2431 Fecit
858 2366 1001 2432 dominus
1017 2369 1121 2432 omnia
1135 2368 1228 2435 bona.

99 2494 149 2545 cusp.
162 2496 229 2537 xzu.
311 2472 586 2536 Circumcelliones
603 2472 680 2535 dicti
695 2470 779 2556 quod
794 2475 931 2553 agrestes
947 2470 1025 2552 sint,
1047 2491 1124 2555 qnos
1140 2470 1347 2559 Cothopithas
1361 2472 1406 2538 di·

248 2583 331 2641 cunt.
354 2576 396 2640 Hi
412 2596 516 2640 amore
531 2574 673 2659 martyrii
689 2575 876 2658 semetipsos
891 2574 1063 2659 perimunt,
1078 2579 1113 2638 ut
1126 2572 1282 2640 violenter
1298 2575 1337 2641 de
1351 2576 1406 2641 hae

247 2681 311 2743 vita
326 2678 525 2744 discedentes
540 2683 693 2761 martyres
709 2678 919 2742 nominentur.
954 2676 1020 2742 Hos
1036 2695 1158 2761 quoque
1174 2696 1269 2765 saepe
1285 2678 1408 2765 sugillat

245 2782 448 2865 Augustinus.

87 2888 137 2938 θην·
151 2889 231 2930 fflfl·
308 2886 492 2966 Bonosioni,
512 2884 680 2968 aquodam
695 2883 817 2949 Bonoso
834 2884 980 2968 episeopo
997 2885 1112 2965 exorti,
1133 2882 1295 2949 Christum
1311 2883 1406 2950 illium

246 2988 296 3052 dei
317 2988 515 3073 adoptiuum,
534 3008 597 3051 non
617 2990 793 3072 proprium,
814 2993 967 3050 asserunt.
1003 2986 1088 3050 IIaec
1108 2983 1247 3051 haeresis
1268 2992 1405 3073 tempore

245 3091 349 3173 Magni
364 3091 471 3154 Karoli
491 3112 509 3153 a
529 3089 663 3174 quodam
677 3090 778 3154 Felice
794 3090 933 3174 Hispano
954 3090 1099 3174 episcopo
1118 3090 1310 3154 resuscitata
1328 3089 1405 3155 ¹Ra·

245 3193 387 3257 tlsbonae
404 3193 534 3257 collecta
548 3193 664 3276 synodo
681 3199 729 3257 est
743 3192 900 3256 damnata.

85 3314 135 3365 cap.
150 3314 227 3357 xzrv.
307 3296 564 3360 Priscillianistae
579 3317 598 3358 a
613 3295 747 3380 quodam
759 3293 954 3359 Priscilliano
970 3296 1083 3375 vocati,
1095 3294 1148 3376 qui
1159 3295 1193 3358 in
1203 3294 1359 3380 Hispania
1369 3315 1404 3359 ex

244 3420 346 3465 errore
368 3400 587 3464 Gnosticorum
608 3405 639 3461 et
658 3398 914 3463 Manichaeorum
933 3399 1122 3482 permixtum
1144 3396 1257 3480 dogma
1279 3418 1404 3485 compo·

243 3506 315 3567 suit.
353 3502 468 3567 Contra
488 3522 565 3585 quos
585 3500 723 3585 loquitur
741 3502 852 3567 beatus
874 3519 956 3586 papa
971 3500 1136 3583 Gregorius
1156 3499 1191 3563 in
1206 3498 1356 3566 ¹homilia
1368 3500 1405 3566 de

242 3606 425 3692 Epiphania.

96 3727 146 3778 etp.
161 3727 224 3768 xzv.
304 3710 494 3775 Luciferiani
510 3730 530 3772 a
544 3706 678 3791 quodam
692 3707 835 3773 Lucifero
851 3709 997 3793 episcopo
1014 3705 1090 3771 dicti
1105 3711 1190 3769 sunt.
1226 3706 1268 3771 IIi
1283 3710 1403 3794 episeo-

242 3834 298 3897 pos
314 3812 500 3893 catholicos,
516 3813 569 3895 qui
585 3810 664 3876 dolis
680 3811 884 3875 ¹Arianorum
900 3810 1104 3874 circumventi
1118 3808 1315 3875 Ariminensi
1330 3832 1403 3878 eon·

242 3915 313 3981 cilio
329 3917 596 4000 subscripserunt,
616 3919 648 3978 et
667 3918 777 3998 postea
797 3913 931 3978 correcti
951 3911 1053 3977 redire
1068 3913 1101 3976 in
1118 3910 1305 3977 catholicam
1319 3912 1403 3980 dele·

309 4118 331 4171 2.
351 4119 389 4188 i's.
410 4120 525 4171 Geauod.
550 4119 590 4170 Do
613 4119 683 4171 Viris
701 4120 799 4172 illustr.
812 4136 870 4188 cap.
883 4116 924 4170 14.

309 4204 370 4273 i'ap.
382 4205 507 4258 XXXVI.
519 4235 552 4242 -
572 4205 594 4256 i.
612 4205 656 4257 etii
675 4207 747 4257 codd.
799 4204 823 4256 2.
841 4220 961 4256 asserens
979 4204 1051 4256 codd.
1102 4198 1127 4255 3.
1145 4202 1324 4273 appollinaris.
1340 4201 1403 4257 didi·

240 4287 298 4323 mus
311 4276 383 4325 codd.
435 4273 460 4326 4.
472 4288 634 4326 nazanzenus
647 4280 673 4325 et
685 4273 826 4342 Gregorius
838 4273 945 4325 nisenus
958 4273 1031 4324 codd.
1082 4314 1084 4319 .

308 4357 369 4427 Cap.
382 4358 530 4412 XXXVIII.
542 4390 575 4398 -
596 4360 617 4410 I.
630 4360 767 4428 Metauges
779 4358 913 4410 nominati.
926 4358 982 4410 ideo
996 4358 1069 4409 codd.
1120 4356 1144 4409 i.
1156 4372 1256 4427 angam
1267 4360 1341 4413 codd.

307 4427 369 4496 Cap.
380 4426 436 4479 XL.
449 4458 482 4465 -
502 4428 523 4478 l.
536 4425 675 4480 Colithiani
685 4443 702 4479 a
713 4426 827 4496 quodam
838 4424 933 4479 colitho
946 4427 1019 4479 codd.

307 4496 370 4565 Gap.
381 4494 474 4548 XLIII.
485 4525 518 4535 -
539 4496 559 4547 1.
576 4496 708 4576 ratispone
720 4497 794 4548 codd.

307 4564 368 4634 Gap.
380 4563 471 4616 XLIV.
483 4594 517 4603 -
537 4565 558 4616 l.
571 4565 666 4616 omelia
678 4567 750 4617 codd.

307 4631 368 4702 Gap.
380 4631 460 4686 XLV.
472 4660 505 4697 ·,-
525 4632 546 4686 l.
559 4633 720 4687 armenorum
728 4633 802 4685 codd.
