3046 5124
254 388 314 453 142
763 384 913 426 rmnns'rur

252 549 301 606 tae
317 541 440 607 diversa
453 540 565 625 gaudia
584 541 776 626 psalmorum
795 546 880 606 recte
903 561 923 604 a
943 539 1069 606 domino
1089 543 1251 626 impertita
1264 545 1348 606 sunt.
1381 540 1412 606 Si

251 665 324 728 crgo
340 651 372 709 et
387 644 518 709 aliorum
537 647 739 709 inveniuntur
758 644 953 708 titulationes
968 646 1001 707 in
1015 642 1162 728 psalmis,
1181 650 1294 729 postea
1307 650 1413 709 tamen

251 768 373 812 summa
388 769 491 812 rerum
512 746 613 811 laudis
627 747 700 811 huie
717 749 836 811 auctori
852 752 883 810 et
897 748 1067 811 institutori
1090 746 1247 812 aOhristo
1265 767 1414 812 concessa

250 857 308 932 est,
322 857 358 914 ut
372 850 558 935 prophetae,
578 851 643 933 regi
658 855 750 933 atque
766 850 970 935 patriarchae.
1007 849 1053 913 De
1069 848 1294 934 inaequalitate
1309 857 1413 914 autem

250 952 788 1038 psalmorumsecundumhistoriam
800 955 853 1037 qui
861 952 1058 1037 interpretati
1067 958 1141 1016 sunt
1151 952 1311 1017 ⁹auetores
1320 953 1377 1016 ¹⁰st
1398 987 1411 999 ·

249 1055 434 1137 diosissime,
449 1057 508 1120 hoc
524 1055 679 1136 dixerunt,
694 1055 777 1139 quod
791 1076 884 1140 saepe
897 1057 1050 1119 existente
1062 1056 1243 1140 captivitate
1255 1057 1289 1119 in
1300 1055 1412 1120 Iudae·

248 1181 336 1224 orum
351 1158 465 1244 populo
480 1181 499 1222 a
513 1158 681 1242 gentilibus
696 1165 822 1242 propter
836 1156 1060 1239 idololatriam,
1075 1160 1148 1242 quia
1162 1178 1235 1223 cum
1249 1156 1315 1222 illis
1330 1157 1412 1222 cole·

248 1261 325 1326 bant
339 1261 445 1325 Iudaei
461 1268 493 1323 ot
511 1261 605 1342 idola,
621 1260 723 1324 ¹¹inde
743 1260 814 1324 hisk
828 1262 924 1324 etiam
942 1262 1112 1344 scripturae
1131 1261 1256 1325 divinae
1272 1263 1412 1345 inquire·

248 1364 362 1429 bantur
377 1370 409 1427 et
424 1363 685 1427 comburebantur
707 1363 900 1445 agentibus:
924 1365 951 1426 si
975 1365 1044 1447 quis
1067 1368 1171 1427 autem
1192 1363 1413 1428 abscondisset

247 1467 285 1531 de
300 1466 429 1552 psalmis
445 1464 573 1549 aliquid,
589 1466 741 1530 existente
752 1486 828 1550 pace
840 1464 1041 1550 postmodum
1053 1465 1292 1550 requirebantur
1303 1486 1410 1551 apau-

247 1572 292 1634 cis
309 1571 426 1633 sanctis
441 1569 569 1632 caedem
584 1568 708 1632 divinae
724 1570 908 1652 scripturae,
924 1588 1057 1653 eumque
1072 1570 1305 1650 invenirentur,
1327 1570 1410 1633 aeci·

247 1674 368 1756 pientes
386 1678 495 1757 postea
515 1672 568 1755 qui
591 1676 680 1733 erant
701 1670 753 1734 illo
776 1676 916 1755 tempore
939 1673 1097 1756 sapientes
1121 1669 1226 1754 1²quia
1240 1692 1306 1736 non
1321 1675 1411 1735 erant

244 1774 414 1860 prophetae
429 1777 503 1857 iam,
518 1773 573 1837 sed
589 1772 782 1855 sacerdotes,
797 1775 909 1837 timore
925 1772 1057 1838 detenti¹
1071 1776 1159 1838 iuxta
1173 1772 1257 1856 quod
1272 1776 1409 1858 aecipie-

245 1876 323 1941 bant
336 1899 355 1940 a
369 1877 571 1961 quibusdam,
593 1878 639 1938 ita
660 1876 891 1960 componebant
912 1882 1085 1941 attextum
1106 1875 1299 1960 psalmorum
1320 1879 1411 1941 etita

245 1980 352 2043 ordine
368 1983 482 2065 exponi
497 1977 655 2043 iubebant.
680 1978 762 2042 ¹³Sio
778 1998 849 2061 crgo
865 1978 1039 2043 secundum
1050 1979 1212 2044 historiam
1229 1978 1408 2065 “inaequa-

244 2082 352 2165 litatis,
367 2092 402 2146 ut
417 2083 563 2147 dixerunt
576 2081 679 2163 multi,
695 2102 789 2147 causa
803 2081 880 2145 haec
896 2102 965 2146 esse
981 2081 1112 2147 videtur.
1145 2081 1227 2147 Nam
1241 2083 1326 2166 quod
1342 2086 1406 2168 spi-

243 2186 343 2250 ritalis
353 2189 386 2250 in
397 2188 466 2270 ipsa
477 2182 697 2268 inaequalitate
711 2183 901 2270 psalmorum
910 2185 933 2223 ¹⁵
939 2190 971 2248 et
982 2184 1120 2269 aequalis
1129 2184 1295 2249 sitOhristi
1304 2187 1407 2250 scien·

243 2293 288 2352 tia
303 2289 530 2373 cognoscenda,
545 2287 747 2351 manifestum
763 2293 812 2350 est
831 2287 994 2368 studiosis,
1015 2294 1051 2351 ut
1071 2286 1153 2370 quod
1175 2288 1271 2351 estin
1286 2291 1406 2374 primis,

243 2393 301 2457 hoc
317 2395 359 2456 sit
373 2399 406 2455 et
419 2394 452 2455 in
468 2391 570 2456 medio
587 2390 625 2454 de
641 2389 763 2455 Christo
779 2389 899 2472 itidem,
914 2397 947 2454 et
961 2389 1043 2474 quod
1058 2396 1126 2453 crat
1135 2397 1245 2475 postea
1256 2390 1406 2474 futurum,

243 2495 282 2560 de
298 2493 408 2560 eodem
423 2494 627 2558 antedictum
642 2492 846 2577 situbiquem.
870 2492 1004 2576 ideoque
1021 2491 1241 2577 ¹⁶ap0stolusn,
1264 2492 1405 2561 Geretae

242 2597 311 2661 teri
324 2609 353 2660 et
367 2597 466 2678 bodie,
482 2600 548 2681 ipae
566 2609 595 2659 et
608 2599 642 2660 ic
656 2596 772 2677 ceculo,
787 2597 906 2679 iuquit,
925 2596 1110 2660 occulerem.
1144 2594 1224 2659 Nam
1239 2597 1325 2681 quod
1340 2600 1403 2684 spi·

241 2700 325 2763 ritali
340 2702 454 2763 virtute
470 2699 546 2763 dicti
561 2700 626 2763 siut
636 2697 748 2782 psalmi
764 2719 828 2763 non
843 2704 892 2762 est
903 2697 1043 2780 dubium,
1057 2704 1093 2762 ut
1107 2697 1190 2781 quod
1201 2704 1275 2764 ante
1286 2700 1404 2767 factum

242 2809 290 2866 est
305 2823 360 2888 per
376 2801 534 2867 diabolum
550 2800 588 2866 de
603 2802 763 2885 impietate
779 2799 931 2866 idolorum
938 2811 961 2883 ⁰,
976 2801 1034 2865 hoc
1050 2807 1082 2864 et
1096 2800 1154 2865 sub
1169 2801 1295 2867 Iudaeis
1310 2803 1403 2870 sedu-

241 2908 344 2971 ctione
367 2908 433 2969 eius
457 2906 659 2970 commissum
681 2905 802 2969 lacinus
824 2909 1066 2986 monstraretur,
1088 2911 1120 2968 et
1142 2903 1225 2988 quod
1246 2906 1350 2990 ipsius
1364 2908 1404 2972 sit

240 3011 335 3072 ctiam
350 3009 578 3072 haereticorum
592 3009 781 3091 perversitas
802 3010 835 3071 in
851 3007 912 3072 fine
928 3005 1150 3092 pullulantium
1165 3008 1327 3092 quotidie
1341 3031 1401 3077 uon

239 3114 361 3191 ignorat
376 3110 508 3174 ecclesia
524 3109 716 3174 ¹⁷catholica.

67 3232 117 3281 op.
131 3232 222 3271 cxxxi.
303 3212 384 3276 Sunt
398 3212 546 3277 haeretici
562 3215 717 3276 contraria
732 3214 919 3295 sentientes,
940 3211 1037 3279 ¹libro
1054 3197 1211 3280 Geneseos
1230 3212 1333 3300 ²qu0d
1349 3216 1400 3281 do·

21 3299 80 3351 (⁰⁸²
98 3300 221 3350 cmm
239 3317 343 3380 minus
359 3315 474 3379 dixerit
487 3314 528 3379 ad
543 3315 636 3396 Cain,
662 3315 821 3397 Peeecati,
841 3318 978 3400 quiesce,
998 3316 1042 3380 od
1055 3327 1083 3380 te
1094 3320 1253 3382 oenomao
1269 3329 1362 3402 ίαν,
1375 3330 1402 3385 et

306 3469 329 3520 9.
342 3472 458 3519 auctores
471 3485 516 3520 cnr.
530 3467 585 3518 otc.
640 3466 678 3520 10.
691 3466 925 3520 studiodissimirl.
979 3468 1017 3520 ll.
1033 3467 1111 3537 inque
1127 3466 1167 3520 his
1194 3467 1248 3522 hiie
1261 3469 1326 3539 Bo.)
1342 3471 1401 3523 lita

238 3554 328 3590 omnes.
382 3535 420 3588 12.
436 3536 555 3604 quiacm.
573 3535 606 3586 Α.
661 3534 699 3587 13.
718 3536 796 3588 sin.
850 3536 889 3590 14.
912 3536 1083 3606 inaequalitas
1097 3536 1132 3589 A.
1200 3536 1226 3592 5.
1242 3540 1401 3609 etaequtlin

238 3608 273 3686 sit
288 3607 322 3658 A.
338 3604 480 3723 {equalitas
497 3603 532 3655 sit
547 3605 647 3671 reliqui.
702 3604 741 3657 16.
755 3606 889 3674 apostolus
901 3606 936 3657 ait
949 3606 983 3658 A.
1031 3604 1069 3657 17.
1082 3605 1178 3676 quippe
1189 3605 1318 3660 catholiea
1328 3624 1400 3678 prae

237 3677 500 3814 meanOsapsb'ilXXI.
517 3745 544 3793 ic
560 3759 602 3791 oc.
614 3744 763 3809 irueriptum
775 3742 957 3795 walleranus
972 3758 1007 3794 nr
1024 3757 1146 3796 saccaro
1162 3757 1242 3808 carn,
1253 3720 1283 3796 ia
1294 3745 1319 3799 ὁ.
1336 3762 1399 3799 ω-

236 3830 308 3866 arsis
325 3829 360 3864 ou
378 3829 412 3862 ro
428 3827 500 3870 oron
518 3823 619 3862 orcrrrr
634 3825 682 3862 aar
697 3823 760 3863 cara
777 3827 809 3862 rv
826 3827 1005 3865 norrrrraarrare
1022 3828 1115 3865 rumve.
1136 3842 1170 3853 -
1200 3813 1223 3866 1.
1238 3812 1266 3865 iu
1281 3813 1351 3868 libro
1366 3814 1399 3867 Δ.

236 3882 260 3935 2.
274 3881 342 3952 quod
356 3880 423 3932 Aac,
437 3895 488 3950 quo
502 3878 549 3930 Bc.

268 4034 294 4087 k.
309 4035 377 4114 'inde
388 4033 440 4115 bis]
459 4033 526 4087 Olim
556 4032 673 4085 lacuerat
684 4035 711 4082 ic
724 4032 791 4095 aliie,
847 4029 956 4115 ,qucom
969 4032 1071 4117 Xprqrbq
1086 4032 1144 4105 χθὲς
1156 4032 1196 4085 aal
1208 4034 1317 4125 cdpaepcv
1329 4033 1344 4088 ὁ
1356 4035 1398 4089 ad·

204 4148 208 4157 ‚
236 4101 512 4157 h.e.1nteralrasres.
577 4098 792 4154 acoluthousane
844 4097 1171 4162 easaetenatone?
1206 4103 1262 4168 (1⁴.)

235 4169 286 4221 tale
298 4176 339 4221 est
355 4172 430 4240 quale
448 4189 480 4224 ne
496 4172 524 4224 in
542 4169 590 4223 hcc
607 4169 711 4240 quidem
730 4169 791 4222 scri-
876 4186 900 4223 o.
919 4168 950 4221 de
968 4169 1100 4290 impietate
1114 4169 1253 4241 idolorum]
1272 4172 1399 4240 Ethnieis,

234 4244 308 4305 ptore
328 4241 459 4307 expectari
482 4245 528 4292 aut
549 4239 610 4293 leni
630 4254 707 4308 posse
731 4254 790 4290 ceu·
841 4237 942 4290 Iudaeis
959 4245 984 4291 et
1019 4239 1135 4292 aereticis
1153 4256 1186 4309 op
1221 4241 1300 4294 sitam
1315 4245 1398 4297 coele·

234 4322 346 4357 scamus.
841 4312 907 4359 stem
919 4322 949 4359 ac
960 4322 1048 4360 veram
1063 4308 1175 4360 tidema
1210 4308 1297 4375 aride,
1313 4310 1398 4365 Phila·

267 4374 515 4444 l.timoredetent1]
538 4377 593 4429 Hoc
609 4382 650 4429 est
664 4376 790 4445 religione
841 4376 919 4427 atrius
931 4391 1009 4447 supra
1020 4392 1076 4447 cap.
1090 4375 1146 4429 126.
1158 4379 1291 4447 exprimis
1302 4380 1398 4449 psalmi
1427 4428 1429 4433 ,

234 4443 338 4495 detenti
841 4444 919 4512 primi
934 4445 1177 4510 verbisannotarit,
1193 4447 1226 4498 ad
1261 4463 1397 4519 nauprae-

267 4529 303 4563 m.
320 4510 428 4579 ubique]
457 4512 500 4565 Sic
513 4513 582 4566 inira
592 4531 618 4584 p.
631 4513 689 4570 286.
710 4513 752 4581 [11.
765 4529 789 4568 a.
841 4513 907 4565 santi
920 4514 998 4567 etiam
1009 4514 1067 4566 loco
1078 4515 1191 4584 respicit.
1226 4519 1241 4577 (
1263 4522 1283 4581 .)

234 4596 256 4631 c.
271 4578 338 4646 135.]
375 4578 430 4644 (F.)
874 4598 898 4651 p.
917 4582 1292 4706 qufflimpm'ng'
1329 4586 1387 4653 (F.)

276 4665 303 4703 u.
319 4646 432 4719 Ideoque
440 4650 585 4719 apostolus]
596 4649 787 4708 flebamus.
885 4650 947 4721 cap.
1095 4678 1130 4693 -
1145 4666 1170 4708 a.
1185 4653 1323 4708 convenio
1339 4656 1396 4721 tm]
