3046 5124
254 358 315 422 212
760 350 914 395 sedunam

253 513 367 592 tacuit,
387 516 419 574 et
433 530 489 593 ego
505 529 543 575 ex
558 527 664 573 corum
684 507 871 592 quibusdam
886 509 1010 593 scriptis
1026 512 1058 571 et
1072 506 1334 573 collocutionibus
1349 525 1413 572 cer·

254 616 373 677 tissime
390 614 536 697 comperi.
573 611 773 695 Rebaptizari
794 631 916 694 quoque
936 610 976 675 ab
996 610 1045 674 his
1067 610 1236 675 catholicos
1256 612 1413 685 novimum

253 722 356 780 utrum
372 722 403 777 et
418 737 479 779 non
496 715 675 796 catholicos,
691 716 806 778 nescio.

148 835 197 884 θον·
211 834 235 873 12·
317 818 499 898 ¹Vadian08‚
515 838 592 901 quos
607 817 760 901 appellat,
773 816 966 901 Epiphanius
982 817 1209 899 schismaticos,
1225 837 1290 881 non
1307 816 1414 879 hacre-

253 924 329 985 ticos
345 921 413 984 vult
427 921 536 984 rideri.
573 921 636 984 Alii
651 926 765 984 uocant
780 918 1132 1004 Anthropomorphitas‚
1153 922 1304 1003 qnoniam
1325 919 1415 982 doum

253 1024 313 1087 sibi
329 1025 450 1105 tingunt
466 1025 652 1105 cogitatione
669 1021 786 1086 carnali
801 1024 835 1085 in
850 1022 1087 1086 similitudinem
1108 1022 1244 1086 hominis
1261 1021 1415 1105 corrupti-

252 1127 335 1208 bilis,
352 1126 430 1210 quod
449 1128 615 1190 rusticitati
631 1145 737 1188 eorum
751 1112 862 1189 tribuit
875 1123 1085 1208 EpiphaninS‚
1101 1145 1233 1209 parcens
1250 1127 1353 1188 eisne
1369 1123 1414 1187 di·

253 1238 361 1293 cantur
376 1230 535 1292 haeretici.
572 1228 632 1291 Eos
648 1234 752 1291 autern
769 1247 931 1310 separasse
947 1246 981 1290 se
996 1227 1074 1291 dicit
1088 1248 1108 1290 a
1122 1229 1344 1291 communione
1359 1247 1414 1290 no·

253 1340 317 1396 stra
332 1331 486 1416 culpando
503 1333 663 1415 episcopos
680 1331 805 1411 divites
820 1335 852 1392 et
865 1330 983 1415 pascha
998 1350 1069 1393 cunr
1081 1330 1203 1395 Indaeis
1216 1327 1414 1394 celebrando.

253 1437 399 1512 Quamuis
415 1437 479 1498 sint
494 1436 547 1516 qni
563 1454 615 1497 eos
630 1435 664 1497 in
678 1434 820 1517 Aegypto
836 1432 986 1496 ecclesiae
1002 1433 1173 1498 catholicae
1186 1435 1414 1498 communicare

252 1542 440 1601 assererent.
464 1537 510 1600 Do
525 1536 722 1600 Photinianis
737 1541 852 1616 autem,
867 1556 944 1618 quos
959 1538 1019 1600 isto
1035 1536 1103 1601 loco
1118 1535 1315 1620 Epiphanius
1331 1555 1414 1601 com·

251 1646 413 1720 memoret,
427 1642 491 1702 iarn
506 1641 648 1723 superius
665 1641 741 1702 satis
756 1638 877 1702 locutus
893 1659 972 1702 sum.

134 1759 183 1807 <re
197 1757 233 1797 bl·
329 1743 538 1806 Semiarianos
564 1741 757 1826 Epiphanius
788 1740 865 1804 dicit
890 1743 942 1825 qui
969 1741 1081 1805 similis
1107 1744 1263 1806 essentiae
1291 1740 1415 1806 ¹dicunt

252 1846 361 1925 filium,
377 1852 526 1928 tanquam
542 1865 603 1907 non
620 1842 728 1927 plenos
743 1843 892 1920 Arianos3
909 1846 997 1926 quasi
1012 1842 1122 1908 Ariani
1137 1864 1196 1910 nec
1212 1843 1350 1909 similem
1361 1863 1413 1909 re·

252 1948 321 2030 lint,
337 1969 406 2012 curn
423 1948 479 2010 hoo
494 1946 679 2010 Eunomiani
696 1946 799 2010 dicere
816 1945 1020 2009 celebrentur.

123 2068 173 2117 Car·
187 2067 233 2106 Lu
314 2051 528 2117 Macedoniani
544 2056 617 2112 sunt
632 2072 650 2112 a
664 2048 873 2130 ¹Maoodonio,
886 2068 961 2131 quos
973 2055 1004 2113 et
1015 2046 1294 2138 Πνευματομάχους
1307 2050 1412 2116 Graeci

253 2154 375 2234 dicunt,
396 2175 430 2216 oo
452 2152 533 2237 quod
553 2153 591 2216 de
613 2154 724 2236 spiritu
744 2157 851 2215 sancto
872 2151 1005 2233 litigent.
1043 2151 1123 2215 Nam
1144 2152 1181 2215 de
1199 2158 1289 2236 patre
1305 2158 1338 2218 et
1352 2151 1412 2217 tilio

253 2265 335 2322 recte
352 2258 505 2337 sentiunt,
526 2254 610 2338 quod
625 2257 717 2318 unius
733 2257 797 2318 sint
812 2254 1014 2337 eiusdemque
1030 2255 1226 2319 substantiae
1239 2253 1292 2320 vel
1307 2275 1413 2320 essen·

253 2364 324 2442 tiae,
339 2359 394 2423 sed
410 2359 447 2423 de
464 2361 576 2442 spiritu
591 2364 698 2421 sancto
714 2356 773 2421 hoc
789 2358 900 2421 nolunt
915 2357 1051 2438 eredere,
1067 2362 1241 2422 creaturam
1256 2377 1331 2423 eum
1346 2376 1411 2422 esee

253 2463 402 2526 dicentes.
439 2462 503 2525 Hos
525 2461 629 2544 potius
653 2460 780 2543 quidam
802 2459 1012 2524 Semiarianoa
1037 2467 1164 2542 vocant,
1190 2460 1274 2545 quod
1301 2464 1335 2525 in
1356 2461 1411 2525 hac

254 2568 432 2649 quaestione
449 2585 487 2626 ex
501 2570 588 2647 parto
606 2562 754 2627 cumillis
770 2565 848 2645 sint,
864 2584 901 2627 ex
917 2569 1004 2649 parte
1019 2562 1193 2629 nobiscnm.
1232 2565 1411 2642 Quamvisa

252 2668 410 2732 nonnullis
425 2667 649 2751 perhibeantur
663 2687 726 2730 non
742 2666 850 2747 deum,
870 2666 925 2730 sed
947 2666 1095 2753 deitatem
1115 2668 1212 2751 patris
1233 2673 1265 2731 et
1285 2667 1342 2732 filii
1366 2664 1409 2730 di·

253 2792 322 2835 cero
339 2772 484 2854 spiritum
501 2775 654 2851 sanctum,
670 2775 702 2832 ot
717 2768 835 2834 nullam
849 2772 1007 2855 propriam
1022 2769 1136 2834 habere
1152 2770 1372 2834 substantiam.

117 2890 166 2938 rar·
180 2889 233 2930 nn.
315 2875 442 2936 Adriani
458 2872 496 2936 ab
512 2873 605 2935 herio
622 2872 756 2954 quodam
772 2878 845 2935 sunt
860 2874 1022 2954 nominati,
1038 2873 1091 2956 qui
1103 2892 1174 2936 cnm
1185 2879 1272 2937 esset
1282 2872 1409 2960 presby·

252 2983 310 3057 ter,
326 2975 462 3039 doluisse
477 2973 575 3038 fertur
591 2974 673 3057 quod
689 2977 853 3061 episcopus
870 2995 932 3039 non
947 2977 1049 3059 potnit
1063 2974 1210 3057 ordinari,
1225 2982 1258 3039 et
1272 2978 1308 3040 in
1322 2975 1410 3043 Aria-

254 3100 363 3142 norum
382 3079 537 3141 haeresim
558 3078 664 3162 lapsus
689 3079 814 3162 propria
834 3097 955 3161 qnoque
976 3078 1121 3162 dogmata
1146 3077 1307 3144 addidisse
1334 3097 1409 3145 non·

254 3181 353 3260 nulla,
375 3180 482 3244 dicens
504 3182 606 3245 offerri
626 3201 682 3264 pro
705 3179 950 3245 ¹dormientibns
965 3201 1029 3246 non
1044 3187 1200 3266 oportere,
1221 3201 1282 3247 nec
1299 3186 1411 3247 statuta

253 3283 434 3347 solemniter
450 3283 637 3347 celebranda
653 3303 721 3347 esse
736 3285 868 3364 ieiunia,
884 3283 939 3347 sed
955 3305 1026 3348 cnm
1041 3287 1171 3369 quisque
1186 3283 1323 3350 voluerit
1335 3287 1410 3351 iein·

252 3386 402 3467 candum,
416 3407 455 3449 ne
471 3386 615 3450 videatur
630 3407 698 3450 esse
714 3384 771 3449 sub
787 3383 865 3469 lege.
886 3386 1019 3451 Dicebat
1034 3389 1128 3452 etiam
1139 3387 1361 3472 presbyterum
1374 3386 1410 3451 ab

253 3492 397 3574 episcopo
413 3488 499 3553 nulla
514 3488 691 3554 differentia
706 3488 819 3555 debere
835 3489 980 3554 discerni.
1010 3489 1141 3567 Quidam
1155 3490 1325 3576 perhibent
1338 3494 1410 3555 istos

253 3594 334 3656 siout
352 3592 528 3657 Encratitas
548 3593 598 3656 vel
618 3593 813 3676 Apotaotitas
832 3612 895 3656 non
918 3592 1083 3657 admittere
1103 3592 1143 3657 ad
1163 3596 1411 3661 communionem

253 3716 341 3759 snam
355 3697 417 3759 nisi
432 3697 644 3776 continentes,
662 3701 693 3757 et
708 3715 760 3759 eos
776 3697 829 3778 qui
845 3693 949 3760 seculo
964 3697 1227 3779 renuntiaverint,
1241 3705 1278 3761 ut
1288 3699 1411 3785 propria

254 3798 339 3861 nulla
352 3798 542 3883 possideant.
580 3797 630 3860 Ab
651 3817 724 3861 esca
738 3803 844 3862 tamen
859 3800 999 3862 carnium
1014 3819 1077 3864 non
1092 3818 1146 3863 eos
1161 3798 1323 3866 abstinere
1337 3801 1411 3866 dicit

253 3898 452 3985 Epiphanius.
475 3900 631 3966 Philoster
645 3921 717 3965 vero
733 3907 764 3963 et
778 3900 859 3965 hanc
875 3903 920 3964 eis
936 3902 1047 3967 tribuit
1061 3901 1297 3969 abstinentiam.

320 4087 381 4157 Cap.
393 4086 422 4140 L.
434 4119 467 4127 -
487 4088 509 4141 1.
523 4087 698 4139 Floriuocnsr's
709 4090 788 4141 codex
798 4086 845 4140 doe
857 4097 953 4141 tanum
964 4090 1017 4141 Ioco
1029 4089 1140 4142 dedebat
1149 4089 1279 4145 Adiunoer
1291 4092 1363 4147 Nom
1372 4110 1410 4147 α·

248 4174 302 4223 pro
312 4160 339 4206 in
351 4158 463 4208 indiculo
480 4160 552 4224 opero¹
563 4159 680 4251 proeptso
697 4174 752 4207 cum
769 4161 859 4210 ceteris
875 4156 948 4210 MSS.
961 4157 1229 4227 praesertVadianos.
1265 4160 1409 4216 Praedntt·

253 4232 325 4274 natira
336 4225 500 4290 inAupieusi
512 4224 749 4277 codicehaldianos
767 4234 914 4277 constanter
923 4236 1006 4288 vocnt,
1022 4230 1056 4277 a'r'e
1071 4228 1165 4278 derodere
1180 4228 1244 4280 oen
1293 4234 1300 4246 ⁶
1357 4229 1409 4283 &r-

253 4294 354 4343 moodos
364 4292 496 4344 Audianos
509 4294 596 4344 edidit.
633 4294 743 4344 Graecia
753 4311 844 4345 revera
856 4292 1103 4347 dicuntnrhddmvot
1137 4230 1344 4421 (Benodgw

320 4359 382 4428 Cap.
395 4360 480 4412 Ll.-
501 4360 705 4413 l.Lonaur'euaes
716 4362 872 4413 addidenrut
882 4363 944 4415 dicit
973 4361 1193 4419 anemetfflium.
1228 4364 1237 4436 i
1280 4367 1351 4436 ned.)

287 4427 381 4548 &lg-Sap.
386 4427 447 4547 tud
458 4428 532 4566 —fflh
544 4429 620 4566 {alpi
631 4432 729 4482 addunt
743 4379 1047 4501 Constantinopodtanae
1063 4432 1188 4487 ecclesiae
1201 4434 1338 4507 epitrope,
1348 4436 1409 4509 quod

254 4518 291 4548 a.
348 4516 383 4549 ‚a
401 4515 444 4548 es.
513 4514 585 4551 ene.

319 4563 382 4634 cap.
392 4564 456 4617 nn.
468 4595 502 4605 -
521 4566 543 4619 1.
553 4565 598 4618 su
609 4565 683 4621 uss.
698 4567 907 4623 Attacorum
919 4540 992 4624 aaa
1003 4571 1045 4625 vu
1056 4568 1149 4627 offerro
1159 4586 1208 4643 pro
1218 4574 1330 4629 aanor
1340 4572 1406 4629 ouu-

253 4635 350 4688 tionem
361 4649 414 4688 non
425 4639 551 4704 oportere.
585 4632 704 4703 (Benedt
951 4646 955 4655 “
