3046 5124
252 368 295 434 86
756 365 904 407 eumaem

253 527 302 588 rat
314 522 460 604 Arianae,
475 529 507 585 et
521 522 660 586 abiectus
676 529 724 586 est
738 523 778 586 ab
795 523 927 588 ecclesia
942 522 1109 605 catholiea,
1130 525 1183 606 qui
1197 527 1308 606 postea
1322 526 1411 605 quasi

253 646 361 690 verum
375 624 531 708 sequendo
548 632 711 709 susceptus
727 632 810 707 est⁰‚
830 632 862 688 et
882 625 1027 710 dIseipuli
1049 628 1115 688 eius
1139 645 1209 688 eum
1231 645 1267 689 eo
1284 629 1409 710 parIter.

253 729 355 810 Atque
370 732 482 791 iterum
498 728 709 791 indifferenter
724 729 884 812 posthaec
905 749 994 810 agere
1016 731 1177 812 cupientes
1199 732 1410 791 communica·

254 831 330 894 bant
346 837 377 893 et
391 831 577 895 haereticisd
594 836 625 892 et
639 831 788 894 ecclesiae
805 831 983 895 catholicae.
1007 831 1144 906 Quorum
1159 852 1230 894 cum
1246 833 1410 913 cognovis-

254 940 302 997 set
316 933 573 1014 iudiIIerentiam‚
594 940 732 997 exsortes
753 954 805 997 eos
826 954 900 997 suae
921 935 1148 997 communionis
1164 934 1267 997 effecit
1281 932 1412 997 ecclesia

253 1036 414 1100 catholica.

117 1163 167 1214 cap.
180 1161 235 1204 xor.
316 1139 379 1202 Alii
402 1144 475 1201 sunt
496 1140 528 1201 iu
549 1138 689 1221 Aegypto
706 1145 737 1201 et
757 1137 946 1202 Alexandria
967 1159 985 1201 a
1003 1137 1149 1201 Rhetorio
1170 1137 1325 1220 quodamb
1342 1139 1412 1221 ¹qui

253 1262 361 1306 omnes
377 1241 524 1304 laudabat
539 1241 699 1322 haereses,
721 1240 829 1305 dIcens
851 1261 958 1304 omnes
980 1240 1059 1304 bene
1075 1243 1190 1303 sentire
1206 1246 1237 1302 et
1252 1243 1412 1303 neminem

253 1364 354 1408 errare
370 1365 409 1406 eu
420 1346 481 1424 eis,
505 1343 561 1405 secl
576 1342 734 1405 ambulare
750 1344 828 1407 bene
850 1364 957 1406 omnes
974 1342 1043 1406 illos
1059 1349 1090 1404 et
1103 1342 1183 1405 male
1199 1341 1270 1406 ²oos
1287 1342 1411 1406 credere

252 1468 315 1510 non
331 1446 495 1508 sentiebat.
525 1445 558 1507 Si
574 1447 677 1528 itaque
693 1467 800 1509 omues
816 1445 974 1525 laudabat,
990 1465 1082 1527 quem
1097 1443 1317 1529 vituperabat?
1333 1445 1411 1527 Ergo

253 1570 316 1613 nen
331 1555 416 1610 tenet
431 1547 513 1630 quod
528 1568 634 1609 verum
650 1554 706 1610 est.
729 1549 768 1612 Et
782 1548 952 1611 Photiuus‘·
967 1568 1038 1628 ergo
1054 1547 1227 1610 laudandus
1243 1554 1292 1610 est
1303 1547 1411 1611 haore·

253 1654 344 1730 ticus,
360 1653 413 1732 qui
429 1650 585 1712 Christum
601 1650 760 1713 dominum
776 1657 868 1731 negat
883 1670 951 1713 esse
968 1656 1039 1713 ante
1055 1649 1160 1713 secula
1175 1670 1247 1712 cum
1262 1636 1367 1733 patre,
1382 1656 1413 1712 et

254 1756 353 1816 omnis
369 1752 506 1815 haeresis
522 1773 599 1834 qnae
615 1752 812 1835 blasphemat
826 1759 879 1815 aut
893 1754 926 1814 iu
941 1759 1061 1835 patrem
1077 1754 1178 1814 autin
1193 1751 1293 1814 tilium
1308 1757 1363 1815 aut
1380 1754 1411 1815 in

254 1857 406 1938 spiritum.
430 1856 491 1919 Cur
506 1859 609 1939 itaque
627 1856 824 1939 blasphemos
839 1854 1011 1917 haereticos
1028 1853 1147 1934 laudat,
1164 1874 1234 1916 cum
1250 1875 1304 1917 eos
1322 1854 1410 1918 Chri·

254 1963 320 2021 stus
343 1956 507 2021 dominusd
528 1980 566 2022 err
586 1959 643 2023 hoc
665 1961 727 2021 iam
742 1957 845 2021 seculo
862 1957 1073 2037 damnaverit,
1095 1956 1201 2020 dicens
1216 1978 1279 2020 non
1297 1957 1412 2021 dimitti

321 2136 382 2205 Cap.
402 2135 469 2189 XGI.
491 2139 520 2187 io
541 2136 621 2188 Bate.
641 2135 717 2188 babet
731 2139 880 2204 incomptam
896 2135 1054 2189 Rncroaua.
1081 2165 1114 2175 -
1144 2134 1166 2189 l.
1186 2133 1292 2186 homine
1314 2134 1359 2203 qui
1378 2134 1411 2189 A.

254 2204 278 2260 2.
291 2220 335 2259 eos
348 2204 449 2258 credere
462 2222 513 2258 uon
527 2207 560 2259 A.
575 2222 619 2258 eos
631 2221 684 2257 uon
696 2204 798 2256 credere
810 2207 909 2273 reliqui.

243 2366 277 2422 ’7.
291 2368 322 2420 de
333 2368 474 2421 llaereticis
486 2367 556 2430 sau,
569 2367 706 2436 Augustiu.
720 2373 746 2419 et
755 2367 808 2419 Au·

253 2443 350 2489 ctorem
366 2436 553 2487 Praedcstiuati
569 2436 675 2486 llacresi
687 2435 727 2486 IS.
756 2436 807 2486 Alii

253 2505 385 2557 Meletiani
396 2505 521 2555 aMeletio
531 2502 699 2565 Antiocheno,
711 2504 742 2554 de
753 2504 808 2571 qui·

254 2574 302 2623 bus
315 2573 461 2625 Tillemout.
479 2573 507 2624 T.
519 2571 574 2624 VII.
589 2573 698 2624 Memor.
709 2587 770 2640 pag.
783 2574 807 2624 a

254 2642 359 2705 (Febr.)

288 2710 312 2761 b.
331 2709 361 2759 de
370 2714 441 2776 parte
451 2708 534 2759 fuerat
543 2707 649 2772 Ariana]
661 2707 750 2758 Arium
760 2707 807 2759 ini·

253 2778 289 2828 tio
302 2775 434 2827 schismati
445 2777 537 2828 Mehtii
548 2776 670 2855 Aegyptii
681 2775 807 2843 suffraga-

254 2845 309 2897 turh
321 2850 429 2895 testatur
439 2845 598 2895 sozomenus
612 2845 654 2894 hh.
666 2843 683 2897 I.
695 2860 750 2913 cap.
760 2844 807 2907 la,

254 2914 299 2965 sed
320 2930 381 2964 mox
402 2913 490 2964 relicto
509 2913 607 2964 hIelitio
628 2913 807 2963 ordinaturus

253 2982 329 3032 Petro
349 2981 523 3032 Alexandrino
544 2981 694 3044 diacouem,
717 2980 807 3032 deinde

154 3110 162 3120 ι
254 3051 347 3101 iterum
358 3049 425 3101 Petri
437 3050 575 3101 Melitianis
588 3048 674 3100 infesti
691 3056 749 3099 aeta
760 3050 806 3100 im·

254 3120 385 3187 probasse.
409 3118 443 3168 At
453 3119 606 3170 Meletianos
619 3117 688 3185 ipses
701 3117 807 3169 cacodo-

254 3204 303 3239 xos
326 3187 406 3238 t'uisse
430 3192 509 3255 negat
532 3184 680 3237 'I'heodorus
704 3185 806 3237 Studita

255 3256 328 3324 epist.
346 3255 386 3305 m
404 3255 432 3305 T.
445 3254 469 3305 .’,3.
483 3257 546 3324 tlpp.
565 3254 695 3305 Sirmondi
711 3272 736 3322 p.
748 3253 805 3305 326.

256 3330 281 3376 et
292 3323 425 3375 Meletium
437 3322 501 3373 nihil
518 3323 551 3373 ab
564 3323 688 3373 eeclesiae
700 3321 806 3373 catholi-

255 3408 301 3444 cae
313 3391 362 3443 tide
375 3391 487 3442 alienum
500 3391 616 3442 decuisse
628 3397 736 3442 testatur
747 3390 806 3459 upi-

273 3459 365 3511 hanius
378 3459 490 3510 LXVIII.
503 3460 523 3510 1.
538 3466 561 3509 et
575 3460 607 3517 a,
627 3459 741 3528 quinimo
754 3459 808 3510 Arii

255 3477 373 3580 haeresin
385 3534 417 3578 ab
430 3546 460 3578 eo
473 3525 656 3595 deprehensam
669 3535 693 3578 et
706 3527 736 3578 ad
749 3528 807 3578 Ale-

255 3598 384 3649 xarrdrum
392 3596 593 3647 Alexandrinum
602 3596 808 3648 delatamnarrat

255 3665 369 3719 LXVIII.
382 3665 405 3716 I.
430 3666 494 3715 I'um
511 3665 613 3715 Arianis
629 3671 716 3716 tamen
734 3665 808 3716 Meli·

256 3736 340 3786 tianos
356 3741 447 3815 postea
464 3733 667 3784 communicasse
684 3733 752 3784 idem
769 3749 808 3785 re·

256 3803 305 3855 fert
320 3801 434 3854 LAl'lII.
448 3802 471 3852 c.
491 3804 546 3864 „aba
560 3798 585 3850 δὲ
597 3800 724 3869 Ἆρειανοῖς
736 3819 809 3851 ceve-

258 3870 376 3939 φῦέντες.”
394 3870 545 3920 llaruascen.
558 3866 656 3920 haeres.
669 3869 709 3920 ee.
744 3868 800 3935 (F.)

291 3956 311 3990 c.
330 3939 404 4057 puasi
421 3954 510 3989 rerum
528 3936 657 4005 sequendo
674 3944 808 4006 susceptus

258 4009 307 4071 est]
350 4024 364 4057 n
382 4007 490 4059 concilio
507 4004 634 4067 Nieaeno,
653 4006 696 4057 ubi
715 4012 770 4057 cte
789 4007 809 4057 i·

258 4075 329 4142 scopi
341 4092 434 4127 nornen
444 4075 547 4127 Meletio
560 4074 685 4137 relictum,
698 4079 723 4125 et
731 4023 809 4125 Mehe-

258 4142 336 4192 tianis
356 4144 510 4209 permissum
529 4148 615 4211 partes
635 4143 749 4194 muneris
769 4143 810 4194 eui

259 4210 329 4259 obire
342 4209 368 4259 in
381 4212 501 4274 ecclesia,
519 4213 574 4263 solo
587 4209 705 4276 suffragii
717 4211 772 4262 iuro
783 4211 810 4261 in

259 4277 426 4329 electionibus
436 4279 544 4332 ademto.
563 4279 626 4331 Vide
636 4279 768 4332 Valesium
779 4278 811 4330 ad

260 4345 392 4400 Socratem
403 4347 446 4398 lib.
461 4347 471 4397 l
495 4363 516 4399 c.
529 4351 552 4400 9.
587 4346 644 4411 (F.)

294 4414 317 4465 d.
336 4422 362 4464 ct
372 4412 517 4482 haereticis]
535 4416 646 4468 Arianis.
668 4416 732 4468 Vide
750 4415 811 4485 Epi·

277 4482 383 4535 hanium
395 4482 423 4534 T.
436 4481 455 4534 l.
468 4499 527 4552 pag.
540 4484 596 4536 tal.
618 4485 810 4539 Tillemontium

260 4501 290 4606 V.
301 4551 343 4604 VI.
355 4551 461 4604 Memor.
474 4558 521 4603 ete.
556 4551 613 4615 (F.)

311 4617 373 4690 Gap.
389 4618 457 4675 XCI.
473 4648 507 4661 -
523 4635 547 4673 a
562 4618 688 4687 Rhetorir]
704 4620 811 4676 Auctori

858 2365 1045 2419 Praedestinati
1056 2381 1077 2417 c.
1090 2364 1130 2416 72.
1148 2364 1306 2417 philastrum
1324 2365 1412 2418 citanti

859 2452 891 2487 ex
903 2435 1057 2503 Augustino,
1069 2433 1226 2485 Rhetoriani.
1245 2432 1412 2502 [Athanasius

859 2505 876 2556 l.
890 2521 910 2556 e.
923 2504 1063 2572 Apollinar.
1075 2520 1100 2570 p.
1110 2502 1167 2553 aab.
1188 2500 1294 2565 ,δώσετε
1326 2502 1355 2571 ep
1368 2504 1412 2554 πᾶ-

860 2590 895 2623 σιν
909 2571 1033 2640 αἱρετικῶς
1046 2569 1108 2620 κατὰ
1120 2568 1161 2634 τὴν
1179 2574 1222 2619 τοῦ
1239 2587 1298 2620 ποτε
1307 2522 1412 2640 heppe-

859 2659 901 2690 νου
911 2639 1038 2707 Ῥητορῖου
1051 2634 1141 2687 ἔννοιαν
1154 2635 1325 2705 ἁσεβεστάττμ,
1336 2633 1412 2690 οὔκαὶ

860 2708 901 2774 τὴν
908 2707 1016 2774 ἀσέβειαν
1023 2704 1119 2765 ἐξειπεῖν
1127 2705 1253 2825 coprete-'³
1265 2708 1413 2771 Augustino

858 2777 941 2828 iudice
953 2776 1061 2840 dogma,
1074 2774 1143 2842 qraerd
1178 2774 1318 2827 hetorianis
1329 2775 1413 2828 Phila-

859 2853 910 2895 ster
922 2844 1020 2903 tribuit,
1032 2849 1086 2893 tam
1099 2842 1242 2894 elisurdmn
1254 2850 1305 2906 est,
1324 2850 1353 2895 ut
1365 2845 1413 2913 Ipsi

857 2912 1005 2964 incredibile
1012 2912 1135 2962 videatur.
1145 2910 1210 2962 Cum
1217 2911 1413 2981 doctrinaApel·

858 2982 890 3099 HI
902 2980 1001 3031 confert
1010 2980 1151 3097 gotelerius
1163 2979 1195 3030 ad
1206 2979 1315 3031 Constit.
1324 2982 1413 3050 Apost

893 3118 915 3168 b.
934 3134 949 3168 a
999 3116 1212 3183 etorioquodam]
1231 3114 1413 3185 Suspicorsub

857 3185 978 3238 Ithetorio
995 3183 1044 3236 hoe
1067 3182 1195 3236 rhetorem
1216 3184 1295 3236 latere
1311 3184 1413 3238 Themi·

857 3255 947 3317 stium,
965 3254 1009 3321 qui
1027 3253 1142 3305 oratione
1154 3251 1306 3304 duodecinra
1318 3253 1351 3305 ad
1365 3256 1413 3309 Va·

857 3324 952 3374 lentem
964 3339 988 3390 p.
1005 3321 1058 3373 ltu
1071 3326 1096 3372 et
1107 3321 1199 3389 quinta
1210 3320 1242 3371 ad
1251 3320 1414 3375 loriniaunm

857 3408 882 3460 p.
896 3392 935 3442 ea.
948 3390 1023 3441 docet
1034 3390 1156 3442 varietate
1167 3389 1212 3441 illa
1221 3390 1374 3457 opinionum
1382 3392 1415 3443 de

859 3461 935 3511 rebus
948 3459 1040 3510 divinis
1053 3458 1116 3509 adeo
1128 3474 1181 3509 rron
1194 3456 1290 3509 offendi
1309 3476 1413 3524 numen,

859 3535 886 3580 ut
899 3528 977 3579 etiam
989 3526 1135 3579 delectetur
1152 3525 1181 3577 ln
1193 3526 1302 3578 eandem
1311 3535 1413 3580 senten-

858 3597 921 3715 cippi
934 3593 1106 3664 Symmachus
1125 3593 1193 3664 apud
1204 3594 1374 3650 Prudentium
1382 3595 1413 3651 IL

864 3680 871 3716 t
892 3674 916 3717 2.
1196 3694 1201 3702 ·

894 3733 1027 3795 „Perstetr't
1037 3740 1118 3782 tamea
1125 3769 1132 3793 ,
1150 3734 1284 3800 affirmans
1300 3737 1414 3787 iterem

1193 3803 1283 3853 einardi

893 3868 1042 3936 dlultrfidum
1049 3871 1201 3936 variumque,
1211 3871 1332 3921 deuectam
1339 3889 1413 3939 quae·

1193 3941 1344 3993 rituruuus.

893 4004 963 4056 Hinc
976 4004 1054 4067 alios,
1072 4013 1114 4055 eet
1124 4007 1184 4057 iude
1196 4007 1262 4057 ulios
1270 4025 1413 4076 properare

1192 4092 1302 4126 seorsum

897 4141 1019 4209 Quemque
1027 4158 1077 4210 per
1088 4145 1222 4210 anfractae
1229 4148 1359 4212 proprios,
1370 4147 1415 4198 aed

1197 4217 1306 4280 compita
1319 4217 1403 4266 eodem

896 4276 923 4328 F
921 4281 960 4329 inc
967 4283 1095 4342 coartari,
1109 4281 1184 4330 simul
1193 4289 1218 4331 et
1225 4298 1377 4334 concurrere
1386 4287 1414 4334 ia

1195 4350 1292 4402 unam.”
1328 4350 1386 4415 (F.)

895 4431 916 4535 p.
934 4414 1069 4537 Phopnus]
1088 4416 1126 4469 De
1137 4417 1211 4470 euius
1223 4416 1325 4471 haeresi
1335 4435 1413 4490 supra

861 4498 882 4536 ο·
904 4483 936 4536 '5³-
970 4485 1028 4549 (ἱ)

858 4552 929 4685 (de
935 4552 1051 4608 Christus
1060 4553 1190 4622 dominus]
1202 4554 1294 4609 matth
1303 4556 1363 4611 XII.
1371 4555 1412 4609 31.

897 4628 965 4688 ar.)
