3046 5124
250 325 312 390 256
713 322 941 367 auennensem

251 486 388 566 peccato.
425 479 540 545 Contra
558 479 615 545 hos
636 484 774 567 suscepit
791 484 859 545 sine
884 482 1039 566 scriptura
1058 482 1187 566 qnidam
1208 484 1407 549 Constantius

250 589 406 648 tractator.
429 584 504 648 Post
518 583 601 647 hunc
616 589 721 648 autem
737 587 863 670 scripsit
880 585 1060 650 contrahes
1076 591 1108 649 et
1120 585 1320 669 Augustinus
1334 586 1407 671 Hip·

250 686 409 772 poniensis
425 687 601 771 episcopuS,
616 693 648 750 ct
662 688 870 771 Hieronymus
885 688 1049 772 presbyter
1064 686 1300 755 ¹Bethlemites.
1323 689 1408 754 Pela·

250 790 333 873 giani
348 795 469 870 tamen,
490 810 545 853 scu
561 788 763 871 Caelestiani,
781 789 951 854 catholicae
967 790 1052 876 plebi
1066 792 1216 876 permixti
1231 798 1323 874 sunt,
1342 795 1411 876 quia

251 891 416 959 eeclesiam
431 891 526 957 aliern
541 913 603 956 non
618 892 751 975 habent,
771 898 803 956 et
822 893 893 957 ideo
909 893 962 957 ubi
979 896 1024 957 eis
1040 897 1196 977 evenerit,
1218 895 1409 961 communio·

251 1016 324 1061 narn
335 1016 397 1059 non
410 1001 552 1059 renuunt.
576 995 693 1059 Dicunt
703 996 788 1060 enim
799 998 892 1059 unius
905 996 1112 1061 confessionis
1125 1018 1197 1062 csse
1208 999 1243 1062 in
1254 996 1316 1062 bac
1327 1002 1413 1085 parte

250 1100 283 1163 in
304 1120 364 1183 qua
384 1097 574 1161 eucharistia
595 1098 772 1183 conticitum
797 1098 835 1162 de
856 1101 1038 1182 quaestione
1060 1102 1146 1165 enim
1163 1103 1271 1183 aiunt,
1291 1121 1356 1165 non
1375 1099 1411 1163 dc

252 1203 469 1267 communione
485 1200 702 1264 discernimur.
724 1201 783 1266 Pro
799 1201 857 1266 hoc
872 1222 950 1266 ausu
966 1206 998 1265 et
1012 1224 1032 1266 a
1046 1203 1177 1285 nostris,
1193 1205 1222 1267 si
1236 1202 1411 1288 deprehen·

251 1305 374 1387 dantur,
389 1303 536 1389 periculis
552 1303 727 1385 subiacent,
743 1310 774 1367 et
788 1307 883 1368 asuis
895 1305 1088 1369 execrationi
1099 1304 1266 1371 habentur.
1290 1306 1413 1370 Habent

251 1409 334 1472 enim
349 1414 380 1471 ct
395 1407 593 1492 presbyteros
609 1412 641 1470 et
656 1408 817 1491 episcopos
833 1427 914 1473 suos.
952 1408 1023 1492 lpse
1039 1413 1144 1472 autem
1158 1408 1309 1492 Pelagius
1323 1411 1368 1473 ita
1381 1411 1412 1472 in

252 1512 475 1575 commentario
491 1530 546 1573 suo
563 1509 602 1572 ad
617 1509 774 1573 Romanos
789 1510 910 1592 scribit,
926 1509 1000 1574 dum
1016 1516 1122 1593 agerat
1135 1509 1226 1575 illum
1236 1510 1343 1576 locum
1354 1531 1412 1594 quc

251 1615 296 1677 ait
311 1612 480 1697 apostolus,
494 1609 672 1690 ²Qeoreio‘m
681 1634 744 1697 per
758 1634 855 1676 unum
870 1613 1023 1678 musicem
1036 1615 1071 1677 ic
1084 1613 1168 1679 buce
1178 1614 1412 1699 mundumpec·

253 1727 356 1780 catum
369 1717 510 1795 intravit,
526 1725 555 1777 ct
564 1737 626 1799 per
634 1725 803 1799 peccatam
815 1737 916 1780 neers:
931 1726 960 1779 et
973 1718 1020 1780 ita
1030 1719 1066 1780 ia
1077 1738 1180 1781 omnes
1192 1716 1332 1781 berniaco
1338 1738 1411 1802 per·

252 1820 388 1898 transit,
407 1820 441 1881 ia
457 1839 517 1902 quo
534 1839 636 1881 eucrzea
645 1829 874 1903 peceaverunt:
888 1824 1020 1901 tangens
1036 1818 1245 1902 Caelestium,
1267 1819 1323 1903 qui
1337 1839 1410 1885 con·

252 1925 300 1984 tra
313 1920 473 1984 traducem
488 1922 610 2005 peccati
620 1922 738 2004 primus
751 1922 887 2006 scripsit,
901 1921 950 1985 his
962 1921 1077 2004 verbis,
1091 1924 1148 1985 ait:
1164 1922 1216 2004 Hi,
1230 1923 1348 2006 inquit,
1362 1922 1413 2005 qui

252 2030 360 2089 contra
375 2023 534 2087 traducem
554 2025 699 2104 veniunt,
720 2024 764 2087 ita
783 2023 870 2088 illam
889 2026 1072 2108 impugnare
1092 2027 1250 2089 nituntur:
1278 2024 1313 2089 Si
1327 2023 1412 2089 Adae

252 2133 413 2213 peccatum
425 2128 520 2191 otiam
531 2147 594 2191 non
604 2128 808 2211 peccantibus
820 2126 931 2209 obfuit,
947 2148 1018 2210 ergo
1034 2133 1066 2191 et
1077 2126 1193 2192 Christi
1204 2129 1309 2211 gratia
1319 2127 1414 2191 etiam

252 2253 313 2296 non
335 2230 534 2295 credentibus
554 2229 689 2314 prodest.
727 2228 857 2294 Addunt
879 2229 973 2294 otiam
993 2231 1067 2296 hoc:
1089 2229 1122 2295 Si
1138 2230 1318 2316 baptismus
1332 2229 1413 2295 tellit

253 2333 399 2417 originale
415 2332 492 2397 illud
507 2339 682 2418 peccatum,
698 2333 736 2397 de
753 2333 872 2398 duobus
888 2330 1055 2418 baptizatis
1070 2333 1136 2397 nati
1152 2332 1271 2397 debent
1285 2331 1345 2398 hec
1361 2353 1412 2397 ca·

253 2458 319 2501 rere
335 2442 477 2522 peceato:
500 2435 653 2518 quomodo
675 2438 758 2499 cnim
777 2438 908 2500 mittunt
927 2436 967 2500 ad
985 2442 1126 2521 posteros
1148 2435 1233 2519 quod
1253 2436 1316 2521 ipsi
1330 2435 1364 2501 in
1380 2455 1412 2501 se

252 2543 381 2605 minime
396 2535 593 2603 habuerunt?
615 2538 699 2602 Haec
716 2539 798 2603 sieut
812 2538 851 2602 ab
867 2541 935 2624 ipso
950 2539 1075 2622 Pelagio
1091 2543 1166 2601 sunt
1176 2540 1297 2625 scripta
1307 2538 1413 2625 posui·

252 2665 331 2709 mus.
368 2642 413 2705 De
434 2641 492 2706 hoe
512 2644 616 2725 itaque
632 2641 715 2725 quod
731 2641 928 2723 dictumest,
947 2662 1039 2727 posse
1059 2642 1185 2705 homine
1200 2643 1271 2705 sine
1286 2648 1412 2728 peccato

253 2767 333 2828 csse,
348 2746 503 2810 obiectum
519 2751 567 2809 est
581 2744 644 2808 illis
659 2747 717 2807 ita:
740 2744 804 2808 Aut
817 2749 932 2830 potest,
947 2749 979 2808 et
993 2744 1182 2820 adiutorium
1196 2764 1262 2809 nou
1276 2744 1413 2830 quaerit:

253 2858 306 2915 aut
321 2870 383 2913 non
397 2854 517 2933 potest,
538 2852 570 2911 ct
589 2848 776 2912 adiutorium
798 2849 928 2931 quaerit.
964 2848 1204 2931 Aquocnmque
1225 2850 1313 2915 enim
1326 2850 1413 2915 auxi·

252 2954 328 3018 lium
345 2953 518 3036 quaeritur,
540 2951 618 3015 dicit
639 2971 673 3014 se
695 2951 727 3014 id
750 2950 922 3035 quodvult
943 2950 1044 3014 facere
1067 2949 1198 3036 implere
1220 2971 1286 3016 non
1306 2972 1413 3039 posse:

253 3056 389 3139 alioquin
405 3054 548 3117 inrisorie
568 3056 670 3139 poscit
690 3056 744 3137 qui
763 3058 867 3138 potest
888 3053 947 3118 hoc
967 3052 1052 3117 solus
1072 3074 1127 3138 pro
1148 3074 1209 3137 qno
1224 3052 1414 3121 adiutorium

253 3158 391 3246 postulat
405 3156 585 3241 adimplere.
610 3157 703 3220 Verbi
719 3159 827 3239 gratia,
843 3156 952 3221 decem
967 3156 1070 3241 pondo
1087 3156 1313 3242 cuiuscumque
1327 3161 1375 3223 rei
1389 3161 1415 3224 si

252 3263 355 3328 levare
371 3259 533 3339 voluerim,
549 3265 580 3322 ot
594 3259 782 3324 adiutorium
797 3280 954 3343 quaeram,
970 3258 1135 3324 ridiculum
1146 3258 1257 3326 videor
1267 3261 1414 3327 exhibere

254 3366 329 3430 dum
343 3385 446 3450 posco.
483 3362 526 3426 At
545 3382 618 3427 vero
639 3366 666 3426 si
683 3363 833 3427 ducentas
854 3368 907 3427 aut
922 3363 1057 3448 amplius
1076 3361 1173 3429 velim
1187 3362 1294 3429 levare
1310 3364 1416 3447 libras,

255 3471 328 3555 quia
342 3467 374 3532 id
389 3464 519 3551 implere
534 3485 598 3529 non
612 3486 756 3551 possum,
776 3466 924 3531 auxilium
940 3466 1059 3549 flagito,
1082 3471 1114 3529 et
1133 3467 1300 3533 immensis
1314 3468 1415 3553 preci·

255 3573 313 3638 bus
328 3571 515 3636 adiutorium
531 3589 655 3652 quaero,
669 3569 836 3654 praecipue
852 3569 879 3635 si
894 3574 994 3633 status
1008 3570 1092 3633 vitae
1106 3588 1195 3633 meae
1207 3571 1242 3635 in
1252 3568 1314 3637 hoc
1328 3570 1416 3639 vide·

255 3684 305 3740 tur
320 3674 455 3761 pondere
472 3673 602 3758 positus,
617 3677 652 3736 ut
667 3672 693 3737 si
708 3671 831 3757 pondus
847 3671 930 3756 quod
944 3673 1114 3736 memoravi
1129 3692 1193 3737 non
1206 3670 1366 3759 levavero,
1379 3674 1417 3741 ed

254 3780 353 3844 vitam
367 3778 529 3863 pervenire
545 3795 608 3839 non
623 3775 751 3860 possim.
788 3775 834 3840 De
855 3774 976 3840 duobus
996 3781 1101 3839 autem
1122 3775 1291 3860 baptizatis
1309 3785 1417 3845 natum

256 3881 334 3947 nihil
348 3880 464 3944 habore
485 3879 523 3943 de
543 3879 604 3943 fide
626 3884 792 3963 parentum
811 3877 888 3943 haec
908 3899 965 3943 nos
985 3880 1063 3943 ratio
1078 3877 1178 3943 docet
1216 3880 1374 3957 Quoniam
1386 3882 1418 3947 hi

258 3988 310 4070 qui
326 3984 474 4068 baptizati
490 3987 564 4046 sunt
579 3982 656 4047 duas
671 3982 790 4047 habent
804 3984 1001 4062 nativitates,
1020 4001 1116 4045 unam
1137 4001 1199 4066 qua
1217 4002 1273 4049 eos
1288 4004 1418 4067 gencra-

256 4087 303 4152 vit
317 4108 399 4169 caro,
414 4085 509 4151 aliam
525 4094 585 4170 qu'a
600 4106 653 4150 eos
668 4086 828 4168 generavit
842 4087 970 4170 spiritus
985 4089 1125 4167 sanctus,
1139 4090 1172 4148 et
1182 4104 1223 4149 ex
1231 4084 1284 4151 his
1296 4086 1418 4154 duabus

257 4189 510 4274 generationibus
531 4191 597 4252 nati
618 4189 695 4253 duas
710 4190 924 4271 generationes
944 4187 984 4252 ed
999 4192 1140 4273 posteros
1154 4189 1303 4273 mittunt,
1321 4210 1416 4257 mam

259 4295 296 4359 de
313 4313 416 4373 carne,
433 4294 567 4374 coniugii
581 4294 771 4372 ministerio,
792 4288 885 4356 aliam
901 4290 939 4355 de
955 4290 1084 4376 spiritu,
1103 4291 1294 4376 baptismate
1309 4313 1418 4359 conse·

259 4384 382 4463 ciendo.
420 4397 479 4459 llic
495 4416 566 4478 ergo
583 4397 636 4478 qui
652 4395 689 4458 de
706 4393 871 4479 baptizatis
886 4399 978 4457 natus
994 4400 1058 4475 est,
1078 4396 1236 4479 interrogo
1249 4394 1290 4461 de
1306 4416 1370 4482 qna
1386 4418 1418 4463 re

259 4506 351 4566 natus
367 4494 434 4562 est?
450 4497 488 4561 de
504 4518 606 4580 carne,
622 4498 655 4562 id
670 4503 718 4562 est
733 4497 770 4561 de
785 4498 888 4582 prima
900 4497 1117 4580 generatione,
1131 4517 1174 4563 an
1187 4496 1227 4563 de
1241 4500 1374 4586 spiritu,
1386 4499 1418 4567 id

260 4721 276 4776 2
295 4648 566 4777 Roffip'vmitmm'
576 4680 609 4691 -
623 4649 644 4703 1.
655 4647 822 4705 Bethlemites
833 4648 889 4705 MS.
900 4650 968 4719 Aeo.
978 4646 1121 4707 Betbleites
1131 4650 1190 4707 edd.
1200 4648 1282 4711 Sim.
1294 4652 1416 4709 &M
