3046 5124
251 371 311 438 136
512 436 514 443 Ι
749 357 898 411 reniterer

249 527 309 591 fuit
322 523 488 610 aliquando
504 545 573 591 esse
589 544 660 592 cum
674 526 797 612 patret,
816 544 918 611 neque
933 530 986 612 qui
1002 532 1070 591 erat
1083 546 1155 592 eum
1169 531 1259 612 patre
1275 546 1408 612 semper,

249 649 288 693 ex
303 630 470 712 semetipse
486 635 580 712 erat‘,
594 636 626 692 et
640 651 702 693 non
718 629 756 693 de
771 635 858 713 patre
873 633 996 713 genitus
1011 630 1213 711 noscebatur,
1229 636 1268 693 nt
1282 629 1409 713 quidam

249 734 448 816 suspicantur
459 731 649 796 aberrantes.
670 732 844 815 Utrumque
856 753 927 815 ergo
940 732 1056 796 sibona
1067 735 1325 816 interpretatione
1337 754 1407 818 pro-

250 834 357 915 fertur,
372 832 510 897 ³rectum
521 839 552 898 et
564 834 635 897 fidei
648 835 877 898 firmamentum
889 834 1073 915 ostenditur,
1086 841 1120 899 ut
1129 835 1175 898 ⁴et
1185 838 1327 917 genitum
1338 855 1408 899 enm

250 927 472 1019 cognoscamus
488 937 526 1000 de
542 944 628 1022 patre
643 941 766 1022 proprie
786 938 868 1001 hune
888 940 1015 1001 unicum
1035 936 1149 1019 tilium,
1171 958 1234 1002 non
1254 943 1362 1002 tamen
1376 940 1409 1002 in

248 1047 400 1124 tempore,
416 1039 472 1103 sed
487 1045 560 1103 ante
573 1042 678 1103 omnia
689 1040 793 1104 secula
805 1060 990 1124 omnemque
1002 1046 1177 1104 creaturam
1188 1061 1257 1104 esse
1269 1043 1409 1124 genitum

250 1142 288 1207 de
303 1148 392 1227 patre
407 1146 531 1227 proprie
548 1163 769 1225 cognoscamus
784 1149 876 1226 atque
893 1143 1072 1225 credemus,
1087 1151 1122 1206 ut
1137 1143 1303 1225 condecet,
1322 1163 1409 1208 curn-

250 1266 310 1330 que
324 1251 412 1330 patre
428 1265 499 1312 enm
519 1248 552 1308 in
572 1231 763 1330 perpetuum
771 1266 897 1310 manere
913 1252 1006 1330 atque
1027 1267 1150 1330 semper
1170 1248 1324 1310 mansisse
1346 1265 1409 1311 non

249 1352 436 1432 ignoremus.
459 1347 552 1412 Nulla
564 1353 612 1411 est
623 1368 694 1430 ergo
707 1351 859 1433 separatio
872 1355 926 1412 aut
938 1351 1141 1414 contrarietas
1153 1350 1314 1413 interesse
1327 1369 1409 1413 sem·

249 1472 304 1537 per
319 1457 349 1513 et
364 1450 459 1513 fuisse
475 1456 507 1513 et
520 1453 661 1533 genitum
676 1471 754 1515 esse.
788 1452 869 1516 Nem
889 1471 1012 1535 semper
1033 1471 1101 1515 esse
1116 1451 1260 1536 ⁵propter
1274 1451 1409 1536 ⁶sempi·

250 1556 430 1617 ternitatem
445 1553 568 1633 dicitur,
583 1574 623 1616 nc
638 1553 818 1637 temporalis
834 1554 916 1617 silius
933 1556 1128 1636 aestimetur,
1149 1556 1290 1635 genitum
1305 1559 1410 1618 autern

251 1654 327 1719 dicit
342 1658 491 1738 quianon
506 1655 563 1719 ⁷ex
578 1659 761 1741 semetipso,
782 1659 837 1723 sed
853 1656 891 1720 de
907 1662 994 1741 patre
1009 1662 1117 1720 natum
1132 1659 1295 1739 cognoscit
1309 1656 1409 1722 eccle·

250 1761 297 1822 sia
312 1757 503 1842 praedicans
536 1757 607 1823 Non
626 1779 696 1841 crgo
719 1758 959 1842 disiungendum
978 1765 1142 1823 estonum
1161 1759 1201 1822 ab
1217 1758 1335 1842 altero,
1354 1757 1410 1824 sed

251 1860 468 1942 coniungenda
479 1867 528 1923 est
539 1864 770 1946 sempiternitas
782 1860 848 1943 titii,
864 1869 896 1925 et
906 1865 1064 1943 generatio
1077 1882 1148 1925 cum
1160 1864 1409 1945 sempiternitate

251 1963 435 2048 copulanda,
451 1964 549 2048 deque
565 1972 652 2048 patre
668 1967 712 2027 ita
727 1971 775 2027 est
789 1963 944 2028 credenda
959 1986 994 2028 ac
1011 1963 1181 2027 detinenda
1196 1965 1363 2046 confessio,
1377 1969 1411 2028 ut

249 2089 331 2132 unus
346 2067 436 2131 nobis
452 2074 539 2152 pater
554 2070 673 2149 genitor
686 2074 718 2130 et
728 2087 808 2131 unus
821 2067 931 2131 ⁸nobis
943 2066 1026 2130 silius
1038 2070 1148 2130 unicus
1160 2069 1271 2152 patris,
1286 2069 1410 2153 proprie

250 2174 365 2256 qnippe
381 2173 503 2254 genitus
521 2171 558 2235 de
571 2176 668 2254 patre,
684 2175 895 2253 cognoscatur.
918 2169 995 2252 Ergo
1008 2189 1131 2254 semper
1143 2190 1212 2233 esse
1225 2175 1257 2233 et
1267 2172 1410 2253 genitum

251 2294 319 2338 esse
334 2277 387 2359 pia
401 2271 480 2337 9tide
496 2280 544 2336 est
558 2293 707 2356 acquum:
729 2279 764 2336 ut
783 2275 974 2356 sempiterna
993 2274 1060 2335 eius
1075 2274 1233 2354 generatio
1250 2292 1315 2337 nen
1331 2277 1410 2338 tem·

252 2375 365 2463 peratis
382 2379 437 2457 sit,
457 2382 489 2438 et
509 2375 564 2439 filii
583 2378 736 2457 unigeniti
752 2375 789 2439 de
807 2382 893 2460 patre
909 2382 1026 2438 etcum
1046 2380 1132 2459 patre
1148 2395 1223 2438 vera
1236 2378 1411 2459 proprietas

252 2501 288 2543 ae
304 2481 534 2563 sempiternitas
550 2500 613 2542 non
629 2481 795 2560 ignoretur.
830 2478 863 2542 Si
885 2480 953 2561 quis
969 2484 1075 2542 autem
1093 2479 1230 2562 primum
1246 2479 1411 2543 confitetur

252 2604 321 2646 esse
337 2602 408 2645 enm
423 2584 607 2663 ingenitum,
623 2583 714 2644 etsie
729 2586 838 2665 postea
852 2580 947 2644 fuisse
962 2583 1103 2663 genitum
1116 2579 1156 2643 de
1171 2586 1275 2664 patre,
1291 2583 1412 2663 ignoret

252 2685 327 2768 quid
343 2685 515 2748 confitetur.
540 2683 616 2746 Cum
632 2685 716 2746 enirn
733 2704 828 2747 unam
842 2690 931 2767 putat
945 2683 1075 2747 evadere
1087 2681 1266 2763 haeresim¹,
1281 2685 1413 2748 incurrit

252 2787 315 2851 10ιιι
326 2787 456 2850 alteram
467 2789 614 2870 peiorem,
626 2787 800 2867 ingenitum
812 2785 910 2849 tilium
923 2785 1109 2866 confitendo,
1121 2787 1183 2849 imo
1196 2787 1301 2870 potins
1313 2792 1346 2849 et
1357 2806 1410 2871 pa·

251 2896 331 2953 trem
347 2895 379 2953 et
392 2889 493 2953 filium
508 2888 704 2971 denegando,
725 2888 845 2972 duoque
866 2890 1005 2972 ingenita
1023 2886 1249 2972 praedicando,
1273 2891 1411 2954 etunius

251 2994 349 3078 patris
365 2994 497 3075 ingeniti
517 2993 658 3056 etunius
680 2991 736 3056 filii
757 2993 909 3074 unigeniti
929 2991 968 3055 de
983 2997 1070 3076 patre
1091 2993 1214 3075 proprie
1230 2990 1411 3075 denegando

250 3099 423 3161 veritatem.

52 3229 103 3279 cap.
117 3224 232 3267 cxxvm
315 3198 396 3262 Sunt
410 3198 536 3281 quidam
551 3198 700 3263 haeretici
716 3201 769 3281 qui
784 3196 822 3261 de
837 3197 998 3262 Pharaone
1019 3200 1064 3260 ita
1082 3196 1274 3261 arbitrantur
1295 3195 1411 3263 dixisse

69 3296 129 3348 ‘⁰¹⁹‘
143 3294 233 3346 effi)
252 3302 413 3367 dominum
428 3322 482 3385 per
499 3301 659 3383 ¹Moysen,
681 3300 777 3384 quod,
792 3301 849 3364 Ad
862 3300 918 3366 doc
933 3303 1069 3367 recitavi
1082 3310 1139 3381 ιε’,
1154 3310 1189 3364 at
1204 3301 1368 3364 ostendam
1380 3301 1412 3364 io

318 3454 343 3508 3.
355 3459 441 3506 rectae
452 3452 559 3506 fideiA.
579 3452 637 3504 Non
651 3454 768 3522 improbe.
814 3453 838 3506 4.
850 3458 875 3505 et
887 3471 933 3506 om.
948 3454 981 3506 A.
1022 3451 1220 3521 5.pr0ptercrrr.
1235 3452 1269 3504 A.
1310 3450 1335 3505 6.
1347 3468 1412 3506 sem·

252 3520 658 3646 Igffldfffflmemffiffim
672 3523 693 3573 ι.
729 3521 753 3576 7.
767 3521 974 3592 asemetipsort.
1010 3519 1033 3574 8.
1046 3521 1121 3573 nobis
1134 3520 1227 3573 em.A.
1261 3519 1286 3575 t.
1301 3519 1367 3574 fides
1381 3522 1412 3573 A.

320 3661 381 3730 Gap.
393 3658 534 3713 CXXVIII.
545 3663 569 3709 in
581 3660 636 3711 istc.
647 3663 832 3728 inscriptionem
848 3658 924 3710 trater
933 3658 1064 3712 Hsnsssrs
1076 3674 1110 3710 nn
1124 3673 1302 3713 merlemont
1315 3674 1371 3714 nn.
1382 3685 1413 3699 -

255 3731 276 3784 l.
293 3730 386 3784 Mosen
399 3729 507 3795 (Ambe.

287 3885 310 3938 d.
328 3885 397 3954 qnod
409 3900 492 3952 neque
505 3882 586 3935 detuit
600 3881 737 3951 aliqnando
750 3898 807 3934 ease
858 3887 944 4004 patre,
973 3860 1103 3952 oporteret
1129 3882 1202 3936 illum
1220 3898 1330 4001 proque
1353 3888 1414 3937 tunc

253 3955 407 4024 compatre]
426 3954 465 4006 lta
481 3958 511 4004 ut
526 3968 659 4071 nunpuam
670 3956 743 4020 pater
755 3967 807 4002 non
869 3950 939 4003 nisse
952 3965 985 4002 ex
998 3950 1137 4020 semetipso
1150 3960 1176 4004 et
1187 3947 1219 4019 ἀγ
1232 3967 1326 4016 erutor.
1357 3950 1414 4017 (F.)

253 4021 371 4074 habuerit
387 4023 483 4085 filiuni,
504 4020 549 4072 sed
571 4021 639 4072 iem
660 4035 762 4088 semper
782 4025 807 4070 et
880 4019 898 4074 f.
911 4033 990 4070 unam
999 4018 1190 4088 putateradere
1198 4017 1330 4086 haeresin]
1342 4020 1413 4073 Aria·

254 4090 316 4141 deus
329 4097 354 4141 et
365 4097 437 4159 pater
449 4089 540 4153 fuerit,
555 4096 584 4142 ut
596 4094 654 4140 utar
665 4087 749 4140 verbis
761 4087 807 4139 Ar-
859 4103 960 4154 norum,
973 4086 1000 4137 r'c
1014 4083 1131 4156 dpoe'ores
1143 4093 1169 4140 et
1180 4087 1360 4143 aeternitatem
1368 4088 1415 4143 titii

253 4157 324 4208 nobii
335 4158 363 4208 in
376 4158 504 4212 Couflirtu
523 4174 580 4211 enm
594 4157 734 4228 Serapione
746 4170 806 4226 pag.
859 4155 1019 4225 negantium.
1055 4155 1111 4221 (F.)

253 4224 311 4277 5⁵23·
348 4225 404 4287 (F)
893 4257 1169 4329 cap.uxxvr11.-
1196 4275 1219 4311 a.
1242 4259 1357 4314 excitavi
1377 4263 1413 4328 te]

288 4376 309 4412 e.
321 4375 415 4428 neque,
428 4365 471 4431 qui
481 4371 536 4417 erat
547 4382 606 4418 cum
617 4372 688 4435 patre
698 4380 806 4435 semper,
859 4333 1025 4411 ''smmis-t
1042 4327 1125 4381 ΕΜ
1143 4327 1188 4381 [X‘
1205 4327 1244 4383 ¹6⁸
1262 4325 1374 4399 ἐξήῖῑφά
1388 4346 1415 4380 ⁶⁸

254 4445 287 4481 ex
312 4430 451 4498 semetipso
475 4435 541 4499 orat]
579 4433 707 4496 Quoniam
731 4447 807 4486 omne
858 4430 986 4484 somn.
996 4431 1033 4484 17.
1046 4431 1110 4485 Vide
1119 4431 1142 4485 si
1168 4429 1415 4485 lacetadloeaheee

254 4498 322 4581 quod
335 4499 361 4549 in
372 4504 445 4567 patre
458 4506 509 4563 est,
526 4519 558 4552 ex
576 4502 714 4622 semetipso
732 4508 772 4554 est
783 4508 808 4554 et
859 4499 1139 4571 reeteintelligendaB.
1175 4499 1415 4569 elfgangumFran·

254 4566 383 4635 αγέννητον
396 4566 526 4630 subsistit,
538 4570 625 4638 itaque
638 4571 661 4621 si
688 4571 808 4623 liusante
860 4569 928 4621 nium
948 4571 976 4623 in
996 4570 1127 4641 praeclaro
1151 4568 1183 4621 de
1200 4567 1415 4639 interpretatione

255 4635 449 4705 generationem
471 4636 564 4690 fuisset
587 4635 760 4699 ἀνυποστάτως
781 4638 808 4692 in
860 4637 1007 4709 Scripturas
1018 4654 1103 4708 opere.
1138 4636 1195 4701 (F.)
