3046 5124
256 360 317 424 338
658 356 1002 399 oasaaonnassmmasre

257 534 328 577 cere
343 534 406 577 aen
420 512 499 576 vidit
513 515 750 597 corruptionem.
774 514 861 577 Hanc
877 516 1029 577 rationem
1039 516 1178 577 maxima
1189 519 1317 598 patrum
1327 514 1411 577 turba

256 616 398 680 tradente
418 615 623 699 suscepimus.
659 616 776 679 l'erum
796 618 869 699 quia
888 622 962 679 sunt
981 622 1013 679 et
1032 616 1086 679 alii
1105 636 1204 699 aeque
1227 615 1372 681 catholici
1386 624 1414 679 et

256 718 367 782 eruditi
383 720 439 781 viri
457 720 510 800 qui
526 718 657 781 credunt
676 717 783 781 anima
801 720 835 781 in
855 739 981 801 corpere
1002 724 1149 783 manente
1169 718 1358 783 5mutandos
1377 720 1413 781 ad

255 822 517 904 incorruptionem
537 825 568 882 et
587 820 852 884 immortalitatem
871 840 924 884 eos
944 822 998 903 qui
1016 822 1050 883 iu
1065 819 1202 885 adventu
1218 820 1341 885 domiai
1356 822 1414 883 riri

255 923 435 987 inveniendi
451 926 539 1003 sant,
560 928 591 984 et
605 922 663 986 bec
679 924 723 985 eis
739 924 876 1006 reputari
896 943 952 1007 pro
973 924 1198 987 resurrectione
1220 943 1262 986 ex
1275 924 1414 995 mortuis,

256 1026 337 1108 qued
357 1024 594 1088 ⁶1nortalitatcm
616 1024 832 1088 immutatione
852 1024 1025 1109 deponant,
1045 1046 1108 1090 non
1131 1030 1252 1106 morte,
1279 1024 1414 1107 quolibet

255 1131 324 1211 quis
340 1129 518 1210 acquiescat
532 1126 634 1207 medo,
649 1146 712 1191 nen
727 1133 776 1191 cst
789 1126 976 1207 haereticus,
990 1129 1053 1191 nisi
1066 1147 1106 1190 ex
1120 1128 1326 1191 contentione
1342 1126 1413 1189 bae·

258 1232 372 1294 reticos
387 1230 451 1292 fiat.
489 1228 612 1292 Suflioit
631 1229 714 1292 enim
735 1231 768 1292 in
784 1228 935 1293 eeclesiae
951 1229 1018 1313 lege
1033 1230 1136 1293 carnis
1151 1231 1411 1295 resurrectionem

255 1334 379 1397 eredere
394 1333 530 1395 suturam
545 1330 583 1395 cle
598 1338 707 1396 morte.

117 1447 167 1499 Car·
181 1450 236 1489 vffl·
319 1435 407 1512 Quod
422 1439 526 1498 autem
542 1434 674 1497 dicimus
690 1436 722 1497 in
742 1434 899 1517 symbolo,
922 1437 955 1498 in
975 1434 1111 1517 aduentu
1132 1433 1254 1499 demini
1273 1436 1363 1500 rives
1380 1456 1412 1499 ac

255 1545 392 1603 mertuos
407 1536 604 1618 iudicandos,
619 1557 682 1599 noa
697 1536 797 1601 selam
811 1539 911 1601 iustos
927 1543 958 1600 et
972 1536 1153 1621 peccateres
1169 1538 1359 1619 significari,
1373 1540 1412 1601 si·

257 1648 309 1704 eat
323 1638 474 1703 Diodorus
489 1645 593 1722 putat,
615 1637 671 1701 scd
691 1645 723 1700 et
742 1638 828 1702 risos
850 1658 901 1701 eos
918 1641 969 1722 qui
986 1641 1019 1702 in
1035 1660 1127 1703 carne
1142 1638 1330 1704 inveniendi
1345 1648 1414 1703 aaut

257 1742 428 1822 eredimus,
448 1743 502 1823 qui
516 1740 616 1804 adhue
637 1742 779 1804 merituri
794 1740 976 1821 creduntur,
997 1740 1046 1805 vol
1067 1742 1257 1809 immutandi
1271 1748 1362 1824 sunt,
1382 1748 1413 1805 ut

256 1845 308 1908 alii
323 1844 445 1925 reluat,
465 1849 500 1905 ut
520 1842 663 1907 suscitati
682 1844 829 1907 continno
849 1843 899 1907 vel
919 1842 1077 1907 reformati
1097 1865 1177 1919 oum,
1189 1852 1266 1909 ante
1285 1846 1412 1910 mortuis

255 1947 439 2011 iudicentur.

138 2065 187 2115 Ceo.
201 2066 236 2105 lx.
316 2050 391 2113 Post
410 2049 668 2113 resurrectionem
688 2054 720 2111 ct
739 2047 888 2113 iudicium
909 2069 972 2113 non
992 2048 1156 2114 credamus
1182 2050 1411 2115 restitutionem

255 2153 402 2234 laturam,
423 2174 515 2235 qamn
536 2151 684 2233 Origenes
706 2149 830 2231 deliret,
850 2158 885 2214 at
904 2150 1071 2215 daemones
1091 2152 1140 2215 vel
1160 2154 1252 2237 impii
1273 2152 1411 2217 homines

255 2261 324 2339 post
339 2259 493 2319 tormenta
507 2256 596 2337 quasi
611 2253 773 2338 suppliciis
788 2256 950 2337 expurgati
964 2254 1016 2319 vel
1030 2254 1075 2318 illi
1089 2256 1124 2319 in
1139 2254 1335 2337 angelicam,
1354 2276 1411 2339 qua

255 2360 350 2421 creati
366 2364 449 2438 sunt,
464 2356 593 2419 redeant
609 2356 802 2437 dignitatem,
818 2356 868 2420 rel
884 2356 954 2419 ¹isti
971 2358 1122 2421 iustorum
1137 2357 1282 2421 societati
1294 2357 1409 2422 clenca-

254 2467 318 2535 t-ur3
335 2481 370 2523 eo
386 2459 468 2541 quod
483 2459 540 2525 boe
556 2458 679 2522 divinae
696 2459 860 2523 conveniat
874 2461 995 2543 pietati,
1010 2480 1050 2523 ne
1066 2458 1141 2542 quid
1156 2480 1196 2523 ex
1207 2460 1410 2525 rationalibus

254 2568 361 2647 percat
377 2564 541 2643 creaturis,
561 2560 618 2624 sed
638 2560 777 2643 quolibet
796 2560 887 2625 mede
908 2561 1054 2626 salvetur.
1092 2560 1154 2627 Sed
1175 2582 1233 2625 nos
1250 2562 1410 2627 credamus

255 2668 313 2750 ipsi
331 2665 426 2729 iudici
441 2662 597 2727 ²emnium
613 2669 644 2726 et
660 2664 839 2729 retributori
853 2666 934 2728 iuste
950 2664 1004 2747 qui
1019 2664 1114 2729 dixit:
1139 2666 1151 2703 ³
1158 2664 1256 2729 Iboat
1275 2668 1369 2751 irrepit
1381 2668 1410 2729 ia

253 2769 444 2853 suppliciam
459 2777 628 2847 aeternum,
641 2767 719 2830 torti
728 2777 832 2831 autera
845 2768 879 2831 ia
890 2768 987 2831 eitam
1001 2778 1170 2848 aeternam,
1185 2770 1410 2855 otperca'piaat

244 2871 393 2955 fructosa
408 2891 536 2954 eperum
549 2867 704 2933 ⁴aoerooa.

147 2988 197 3038 Car·
212 2990 236 3028 a·
316 2974 351 3035 Iu
367 2972 520 3057 principio
537 2972 654 3036 creavit
669 2971 746 3035 deus
762 2972 884 3037 caelum
899 2978 931 3035 et
945 2978 1061 3037 terram
1075 2978 1108 3035 ct
1121 2992 1236 3055 aquam
1251 2994 1291 3037 ex
1305 2972 1409 3039 nihile.

253 3074 292 3139 Et
306 3096 378 3139 cum
392 3074 493 3138 adbuc
507 3076 656 3139 tenebrae
672 3077 774 3159 ipsam
788 3095 902 3159 aquam
916 3074 1123 3155 occultarent,
1138 3080 1171 3137 et
1186 3076 1287 3159 ¹aqua
1300 3082 1410 3141 terrm

255 3177 469 3257 absconderet,
484 3177 560 3241 lacti
573 3183 649 3241 sunt
663 3177 763 3259 augeli
782 3183 813 3240 et
827 3198 936 3243 omnes
956 3176 1106 3241 caelestes
1127 3179 1277 3260 virtutes,
1299 3185 1334 3243 ut
1353 3200 1410 3243 noo

255 3286 338 3343 esset
352 3282 450 3342 etiosa
465 3279 514 3342 dei
531 3266 662 3359 benitas,
677 3280 732 3344 sod
747 3280 877 3345 baberet
893 3282 924 3343 in
940 3279 1053 3362 quibus
1068 3300 1123 3364 per
1137 3280 1238 3345 multa
1251 3287 1326 3347 ante
1341 3304 1410 3369 spa·

255 3385 300 3445 tia
315 3382 485 3447 benitatem
499 3402 589 3445 suam
604 3382 793 3463 ostenderet,
807 3388 840 3447 ct
852 3385 898 3447 ita
911 3382 961 3447 bie
977 3382 1112 3447 visibilis
1131 3383 1269 3449 mundus
1290 3384 1349 3449 ²01
1365 3386 1409 3449 bis

255 3505 334 3568 qaae
350 3490 454 3549 creata
468 3484 591 3547 fuerant
605 3484 705 3548 factus
721 3492 769 3549 est
784 3492 816 3549 et
830 3492 966 3551 ornatus.

137 3608 186 3657 cnr·
201 3607 237 3647 xl·
317 3588 403 3653 Nibil
418 3589 633 3672 incorporeum
654 3591 686 3649 et
705 3582 862 3653 invisibile
878 3588 1007 3653 ¹natara
1026 3587 1219 3653 credendum
1232 3592 1296 3655 nisi
1312 3590 1408 3657 solum

257 3690 360 3773 deum,
375 3690 409 3755 id
423 3698 472 3754 est
486 3696 608 3775 patrem
622 3695 654 3751 et
669 3689 766 3753 tilium
782 3696 815 3754 et
828 3692 972 3775 spiritum
987 3697 1140 3756 sanctmn.
1163 3690 1241 3769 'Qui
1257 3686 1302 3759 ex¹
1312 3716 1350 3761 ee
1363 3698 1408 3760 ia·

254 3878 400 3948 ruptionem
412 3878 503 3929 delerit
514 3875 637 3939 Elraeab„
649 3894 681 3927 ec
693 3886 789 3931 (ructor.
801 3882 842 3929 soi
853 3879 908 3932 cod.
923 3876 1036 3931 Floreat.
1087 3877 1113 3933 ε’).
1126 3878 1304 3934 immutandos
1315 3884 1356 3937 ed.
1368 3880 1410 3933 El·

253 3950 320 3999 incid
327 3990 334 4002 .
385 3948 409 3999 o.
420 3946 605 3999 mortalitatem
617 3945 839 4015 praesentissitae
850 3947 1031 3999 immutatione
1042 3944 1114 3999 alst.
1132 3950 1235 4015 por'dora
1247 3952 1322 4019 apud
1334 3950 1410 4003 Benc-

255 4018 370 4077 cb'rtr'aos,
383 4018 438 4069 cod.
450 4015 572 4076 Floreat,
585 4024 609 4066 et
620 4016 678 4065 iada
689 4016 749 4067 edit.
760 4013 876 4069 It'larcab.

321 4084 384 4153 Cap.
395 4084 442 4136 lx.
453 4114 487 4123 -
502 4084 522 4135 l.
534 4082 624 4135 iniusti
635 4085 694 4136 eoo.
711 4082 831 4145 litarent,
844 4103 899 4135 com
912 4086 966 4137 cod.
979 4084 1100 4145 Floreat,
1112 4086 1320 4153 conspirantibus
1329 4090 1410 4157 plari·

255 4154 299 4203 boa
311 4156 383 4204 codd.
394 4152 467 4204 MSS.
483 4152 708 4204 Benedictineraar.
744 4152 767 4203 2.
780 4152 897 4205 emnium
909 4152 1055 4204 retributori
1065 4154 1193 4207 iustorum
1205 4156 1245 4205 ed.
1255 4154 1373 4208 Elmcab.
1383 4174 1412 4209 er

255 4224 420 4274 auctorared.
436 4220 545 4273 Floreat.
609 4219 633 4271 3.
644 4218 736 4271 Matth.
749 4220 834 4283 XXV,
846 4220 887 4273 46,
950 4220 1295 4277 l.1’‹arsuorumEtneat.
1312 4228 1409 4277 acad.

256 4288 367 4409 Ftpireaf⁸
381 4292 477 4341 adiecit
488 4296 514 4341 et
525 4289 631 4341 iterum:
644 4288 681 4341 lte
693 4288 719 4340 in
731 4288 820 4357 iguem
831 4296 978 4352 aeternum,
990 4290 1035 4358 qai
1046 4295 1152 4360 paratus
1164 4296 1205 4343 est
1215 4288 1319 4345 diabolo
1331 4300 1358 4359 et
1368 4309 1410 4346 aa·

274 4374 396 4409 eseias.
736 4396 740 4403 -

255 4373 273 4425 g
323 4424 431 4544 Caphilt.
444 4455 482 4543 —h
491 4425 512 4477 1.
525 4440 620 4494 aquam
631 4430 699 4477 terra
710 4428 748 4477 ed.
763 4424 856 4479 Bened.
909 4426 933 4480 ⁸2.
947 4443 980 4479 ex
993 4426 1102 4479 materia
1113 4442 1179 4497 quae
1191 4443 1208 4481 a
1218 4426 1268 4483 deo
1278 4428 1410 4483 mutue

256 4496 365 4548 ratccb't.
393 4494 492 4545 inco.

324 4560 386 4631 Cap.
398 4560 444 4615 xl.
457 4592 490 4601 -
504 4562 525 4613 l.
537 4562 564 4614 in
576 4567 670 4615 natura
680 4565 719 4619 ed.
729 4560 842 4615 Elmeolr.
855 4580 886 4615 er
897 4568 1015 4619 nectent.
1028 4566 1083 4617 ced.
1094 4564 1206 4617 Floreat.
1256 4566 1284 4619 2.
1294 4564 1409 4631 Quiidee

255 4636 323 4682 recte
335 4632 499 4700 incorporeas
511 4632 549 4684 cd.
563 4630 676 4683 Etmeal.
