3046 5124
502 359 654 402 mulcatus
663 359 703 402 DR
716 358 901 405 mmmm.
1223 360 1285 430 πῖ

124 515 198 583 liter
210 518 313 583 mixta
327 519 447 600 omnia,
469 523 500 582 et
520 537 592 582 cum
612 516 670 582 deo
690 517 807 583 habere
826 517 997 583 ³naturam.
1034 517 1136 585 Huius
1157 515 1285 583 luminis

123 619 333 707 ‘perticulam
354 621 514 685 detentam
540 620 697 704 quondam
722 642 741 685 a
765 621 904 687 tenebris
924 619 1005 686 velle
1027 618 1122 685 deum
1141 619 1286 702 liberere,

124 722 239 807 'quem
255 723 367 789 dieunt
379 723 588 807 Margaritam.
626 723 723 788 Vetus
739 730 892 809 respuunt
911 729 1150 802 testamentum
1169 742 1287 788 novum

123 828 292 912 recipiunt,
306 824 384 891 ‘aad
398 846 437 890 ex
451 832 548 912 parte.
585 824 811 911 Blasphemant
824 825 1008 913 prophetea,
1026 831 1151 891 utentes
1173 846 1286 891 secun·

124 926 203 995 dnm
215 928 418 1015 pravitatem,
434 928 561 1012 Omnes,
576 935 728 1014 quotquot
741 935 814 994 ente
828 949 879 995 me
893 934 1058 1012 venerunt,
1072 929 1156 995 turea
1171 933 1246 994 sunt
1256 934 1288 994 et

122 1029 290 1097 latrones&

86 1156 90 1167 ·
190 1135 411 1200 Gnosticorum
425 1134 566 1199 haeresis
583 1134 621 1198 de
636 1134 826 1221 supradictis
840 1135 1034 1219 haeresibus,
1048 1135 1081 1201 id
1096 1133 1288 1217 estNicolai,
1306 1146 1357 1199 0¹1»-
1371 1145 1408 1187 vt

122 1234 285 1320 Basilidis,
299 1238 478 1318 Marcionis,
492 1236 580 1301 velut
593 1257 632 1301 ex
646 1237 795 1303 feralibus
810 1239 998 1323 quibusdam
1011 1237 1148 1303 malitiae
1160 1237 1288 1302 semini·

123 1338 186 1407 tos
200 1341 449 1426 impurissimum
469 1360 582 1425 corpus
604 1346 747 1405 exortum
767 1346 824 1406 est.
858 1340 921 1406 Sed
936 1347 968 1407 et
983 1341 1212 1423 ¹Menichaeos,
1231 1361 1288 1425 po·

125 1444 277 1509 statiores
292 1443 367 1508 licet
376 1450 528 1529 tempere,
541 1445 575 1506 in
588 1443 698 1508 eadem
711 1445 890 1529 impuritate
900 1446 1059 1510 invenitur
1069 1445 1287 1531 praecessisse.

125 1543 277 1613 Omnium
299 1548 384 1611 enim
405 1549 536 1611 istorum
562 1544 770 1632 ⁹impuritatis
791 1546 890 1611 unitis
911 1549 945 1611 in
967 1567 1001 1612 se
1026 1550 1125 1612 utitur
1147 1547 1288 1611 venenis.

123 1647 231 1715 Habet
245 1655 408 1734 praeterea
423 1655 455 1712 ct
469 1650 612 1734 propriae
626 1648 764 1712 malitiae
780 1649 940 1734 aliquante
952 1648 1129 1715 vernacula.
1151 1650 1189 1714 ln
1204 1654 1288 1714 cete·

125 1752 171 1817 ris
186 1754 272 1817 enim
287 1750 512 1833 assertionibus
526 1770 598 1815 cum
613 1751 801 1835 supradictis
816 1755 970 1836 congruit,
985 1760 1090 1818 cetere
1103 1758 1208 1817 autem
1222 1753 1289 1816 eiua

127 1853 577 1941 quasi³specieliahaecsunt,
589 1853 1056 1941 quaelreuaeus·iteenposuit
1077 1855 1164 1920 Dicit
1174 1857 1289 1942 quippe

125 1954 206 2023 iseo
220 1957 359 2023 haeresis
375 1960 514 2022 animam
529 1977 593 2021 uon
613 1977 757 2041 peecare,
778 1976 872 2040 quum
893 1957 962 2022 vult
980 1957 1032 2022 dei
1052 1978 1120 2022 esse
1141 1958 1286 2027 substan·

123 2060 215 2142 iiam,
231 2060 286 2126 sed
299 2081 337 2125 ex
349 2062 505 2125 contraria
521 2065 553 2123 et
570 2058 673 2123 aliene
684 2060 861 2124 substantia
871 2060 1049 2127 ‘assumere
1060 2060 1155 2126 aliam
1166 2064 1289 2127 oeream

126 2164 282 2245 enimam,
301 2170 335 2227 et
356 2184 468 2249 eorpus
489 2169 662 2243 terrenum,
684 2182 778 2246 quem
792 2169 906 2228 vocant
919 2164 1089 2247 malignam
1104 2170 1137 2228 et
1156 2163 1288 2229 diaboli-

127 2284 209 2347 cam,
225 2271 267 2347 et,
282 2267 351 2352 ipse
366 2267 440 2331 dum
455 2286 545 2331 suem
560 2267 700 2348 sequitur
714 2272 876 2349 naturam,
896 2287 952 2352 per
971 2287 1004 2332 se
1026 2287 1138 2352 corpus
1157 2287 1288 2353 peccare

125 2372 303 2447 temanum
318 2369 442 2437 ⁵cetera
456 2367 578 2431 animae
599 2367 723 2432 divinae
743 2369 948 2434 substantiae.
983 2370 1023 2436 Et
1042 2390 1098 2456 per
1117 2369 1194 2434 haec
1214 2370 1290 2434 iacit

125 2468 233 2536 locum
248 2473 314 2536 suis
328 2471 473 2557 turpibus
488 2470 733 2554 execrandisque
748 2475 916 2556 mysteriis,
930 2475 965 2537 in
979 2472 1092 2557 quibus
1106 2493 1164 2559 per
1175 2474 1287 2539 oratio·

125 2592 202 2639 uem
215 2576 370 2658 magicum
385 2594 512 2639 suornm
525 2575 777 2640 invocationibus
791 2577 890 2641 utitur
910 2575 1107 2660 angelorum,
1128 2578 1181 2660 qui
1200 2575 1287 2641 6cre·

128 2676 210 2741 eudo
225 2696 282 2762 per
297 2677 466 2741 adventum
487 2697 579 2741 suum
599 2677 704 2742 dicata
723 2677 799 2743 olim
818 2677 978 2762 gehennae
1000 2700 1129 2766 corpora
1143 2681 1287 2745 miniate-

125 2780 209 2844 rium
224 2778 398 2863 religiosae,
413 2785 449 2843 ut
463 2779 524 2844 sibi
538 2780 672 2863 videtur,
687 2782 872 2867 perditionis
887 2782 1092 2848 inflamment.
1120 2782 1168 2848 De
1184 2787 1287 2848 cetero

125 2881 225 2969 pudet
239 2881 342 2947 dicere
358 2903 452 2966 quam
468 2882 678 2949 execrabilem
692 2884 753 2949 sibi
767 2886 913 2949 iniuriam
924 2866 988 2971 ¹per
1008 2906 1066 2950 sua
1083 2888 1222 2951 inierunt
1235 2908 1287 2952 sa·

126 2991 297 3051 eramenta
320 2986 488 3051 Praeterea
502 2984 579 3050 haec
595 3006 674 3070 quae
689 2988 837 3052 videntur
851 2990 900 3070 egi
916 2988 966 3052 dei
981 2988 1109 3054 alterius
1123 2995 1289 3074 potestate,

125 3090 299 3153 tonitruum
315 3091 437 3154 sonitus
452 3109 544 3154 voces
559 3089 747 3156 daemonum
762 3111 831 3155 esse
847 3091 1037 3175 confingunt.
1059 3091 1178 3157 Dicunt
1194 3094 1289 3160 etiam

124 3191 224 3255 istum
237 3190 409 3275 malignum
425 3192 519 3256 deum
532 3193 732 3258 venientibus
751 3194 915 3259 animabus
935 3214 992 3280 per
1011 3195 1179 3282 dispositas
1199 3199 1289 3281 quasi

126 3291 378 3380 'principatuum
392 3296 523 3360 insidias
538 3296 550 3334 ⁸
555 3295 739 3381 perditionis
754 3296 881 3379 laqueos
897 3318 1091 3383 praeparare,
1106 3306 1138 3363 et
1151 3321 1207 3385 per
1222 3304 1287 3368 sin·

126 3397 201 3481 gula
214 3418 355 3481 quaeque
372 3388 528 3463 caelorum
542 3398 612 3463 loca
626 3399 745 3465 eisdem
758 3400 944 3485 perditionis
958 3399 1090 3469 ⁹munus
1101 3404 1223 3486 offerre,
1237 3426 1288 3470 as·

127 3502 254 3585 signare
270 3503 364 3565 stiam
379 3502 498 3566 eisdem
513 3502 654 3585 decreta,
671 3523 750 3587 quae
767 3502 959 3589 compleant,
974 3507 1081 3589 sicque
1096 3508 1142 3571 eis
1157 3506 1288 3591 caelum,

127 3601 286 3669 caelorum
302 3604 455 3688 cardines,
471 3607 561 3690 signa
576 3612 608 3670 et
622 3607 781 3690 signorum
803 3608 953 3673 circulum
968 3629 1036 3674 esse
1053 3611 1235 3693 contrarios,
1251 3632 1287 3676 ac

176 3788 202 3844 3.
214 3794 335 3845 naturam
352 3790 429 3844 huius
441 3792 546 3846 luminis
558 3795 742 3845 indistinctam
760 3795 819 3848 edit.
832 3794 899 3848 Men.
951 3796 975 3849 4.
987 3795 1140 3866 particulam
1153 3795 1258 3850 Coteler.
1269 3797 1287 3850 i.

126 3858 146 3915 1.
162 3860 291 3930 puricum
306 3860 373 3911 Men.
441 3861 466 3916 5.
484 3878 563 3930 quam
580 3861 685 3914 Ooteler.
702 3863 745 3914 LI.
763 3879 842 3932 quem
857 3865 924 3917 Mea.
994 3864 1288 3921 descendentia

124 3926 195 3981 Heu.
213 3927 247 3979 Ia
258 3927 381 3980 Menardo'
391 3931 456 3982 libro
467 3933 613 3982 indistincte
625 3932 719 3998 ἱερέων
730 3947 765 3984 ex
775 3938 849 4002 parte
861 3930 1050 4001 blasphement

178 3995 242 4065 Gap.
256 3995 299 4049 Vl.
311 4026 344 4035 -
368 3997 389 4049 1.
401 3996 569 4051 Manichacus
582 4017 634 4067 eqo.
655 3998 803 4053 Manichaei
814 4000 880 4052 Meo.
933 3999 956 4052 2.
968 3999 1190 4072 impuritatie'eqo.
1202 4001 1286 4074 impu·

125 4064 191 4119 urae
201 4064 270 4117 Meo.
326 4064 350 4117 3.
363 4067 492 4135 specialia
512 4067 584 4119 Haec
600 4072 663 4120 sunt
678 4070 808 4120 distinctio
825 4077 863 4120 eet
878 4071 949 4137 opud
963 4068 1123 4124 Meocrdum.
1175 4070 1287 4126 dossu-

126 4148 206 4187 nore.
223 4132 310 4186 Aliam
322 4135 450 4186 distinctio
462 4144 500 4185 eat
510 4137 582 4203 apud
591 4136 658 4189 Meu.
715 4136 739 4189 5.
752 4141 839 4189 cetera
849 4137 936 4188 anima
947 4136 1015 4190 Men.
1027 4139 1287 4208 Recceiheadumfer·

127 4210 196 4255 terre
207 4207 322 4255 ceterum
334 4202 457 4255 animam.
509 4202 533 4256 6.
545 4204 730 4272 disponendum,
743 4206 867 4273 uisallor,
878 4205 1026 4271 recreando.
1078 4206 1101 4259 7.
1113 4207 1287 4279 principatum

125 4270 196 4327 Meo.
249 4269 274 4324 8.
285 4270 423 4340 perditioni
433 4271 502 4325 Meo.
559 4271 583 4325 9.
595 4273 911 4342 Rescribeodumsorrosre
922 4289 1016 4326 menne
1028 4274 1129 4331 inferre.

160 4441 223 4511 Gap.
235 4441 265 4495 V.
278 4471 311 4481 -
323 4459 347 4495 a.
360 4447 386 4494 et
396 4442 521 4509 latrones]
538 4440 591 4493 ioh.
600 4442 635 4508 X,
644 4442 668 4496 8.
731 4444 795 4496 iflud
812 4443 843 4496 de
861 4444 981 4514 opinione
1016 4448 1174 4513 uorundam,
1196 4456 1286 4503 centra

160 4509 223 4580 Cap.
235 4509 277 4563 vl.
287 4541 320 4550 -
336 4510 500 4592 alreuaeusj
523 4509 621 4590 Locum
635 4511 681 4564 ubi
731 4463 1222 4588 duodecimaignatotilempatriarchas
1228 4535 1286 4572 ease

125 4576 247 4632 beurene
279 4577 343 4632 haec
370 4577 504 4631 tradiderit
535 4577 600 4631 mihi
627 4596 680 4632 non
730 4580 877 4663 dispositos,
886 4588 1022 4654 ceteraque
1031 4581 1134 4653 similis,
1146 4602 1213 4658 quae
1221 4602 1286 4659 pau·

127 4648 212 4717 mrgis
229 4648 385 4718 investigare
406 4648 517 4718 contigit
536 4663 615 4718 quam
634 4648 680 4703 ubi
729 4649 976 4722 lomnaloguntm.
