<?xml version="1.0" encoding="UTF-8"?>
<!DOCTYPE html PUBLIC "-//W3C//DTD XHTML 1.0 Transitional//EN"
    "http://www.w3.org/TR/xhtml1/DTD/xhtml1-transitional.dtd">
<html xmlns="http://www.w3.org/1999/xhtml" xml:lang="en" lang="en">
 <head>
  <title>
</title>
<meta http-equiv="Content-Type" content="text/html;charset=utf-8" />
  <meta name='ocr-system' content='tesseract 3.04.00' />
  <meta name='ocr-capabilities' content='ocr_page ocr_carea ocr_par ocr_line ocrx_word'/>
</head>
<body>
  <div class='ocr_page' id='page_1' title='image "./corporishaerese02unkngoog_0250.png"; bbox 0 0 3046 5124; ppageno 0'>
   <div class='ocr_carea' id='block_1_1' title="bbox 573 324 1235 392">
    <p class='ocr_par' dir='ltr' id='par_1_1' title="bbox 573 324 1235 392">
     <span class='ocr_line' id='line_1_1' title="bbox 573 324 1235 392; baseline -0.002 -25"><span class='ocrx_word' id='word_1_1' title='bbox 573 324 740 367; x_wconf 68' lang='lat' dir='ltr'>immerso.</span> <span class='ocrx_word' id='word_1_2' title='bbox 1118 336 1123 355; x_wconf 90' lang='lat'>·</span> <span class='ocrx_word' id='word_1_3' title='bbox 1174 324 1235 392; x_wconf 74' lang='lat'>231</span> 
     </span>
    </p>
   </div>
   <div class='ocr_carea' id='block_1_2' title="bbox 64 478 1236 4060">
    <p class='ocr_par' dir='ltr' id='par_1_2' title="bbox 64 478 1236 4060">
     <span class='ocr_line' id='line_1_2' title="bbox 70 478 1236 568; baseline -0.003 -19"><span class='ocrx_word' id='word_1_4' title='bbox 70 480 283 549; x_wconf 77' lang='lat' dir='ltr'>infiammatus</span> <span class='ocrx_word' id='word_1_5' title='bbox 299 481 440 547; x_wconf 86' lang='lat' dir='ltr'>clanculo</span> <span class='ocrx_word' id='word_1_6' title='bbox 453 502 525 546; x_wconf 90' lang='lat' dir='ltr'>cum</span> <span class='ocrx_word' id='word_1_7' title='bbox 536 502 591 568; x_wconf 91' lang='lat' dir='ltr'>por</span> <span class='ocrx_word' id='word_1_8' title='bbox 603 481 743 546; x_wconf 70' lang='lat' dir='ltr'>dvorsus</span> <span class='ocrx_word' id='word_1_9' title='bbox 755 481 864 546; x_wconf 90' lang='lat' dir='ltr'>domos</span> <span class='ocrx_word' id='word_1_10' title='bbox 880 480 1010 546; x_wconf 77' lang='lat' dir='ltr'>tradidit</span> <span class='ocrx_word' id='word_1_11' title='bbox 1020 478 1236 561; x_wconf 87' lang='lat' dir='ltr'>lectitandum,</span> 
     </span>
     <span class='ocr_line' id='line_1_3' title="bbox 72 582 1235 671; baseline -0.001 -22"><span class='ocrx_word' id='word_1_12' title='bbox 72 586 188 671; x_wconf 86' lang='lat' dir='ltr'>quique</span> <span class='ocrx_word' id='word_1_13' title='bbox 204 590 320 669; x_wconf 91' lang='lat' dir='ltr'>quanto</span> <span class='ocrx_word' id='word_1_14' title='bbox 335 585 397 667; x_wconf 83' lang='lat' dir='ltr'>legi</span> <span class='ocrx_word' id='word_1_15' title='bbox 409 582 536 669; x_wconf 90' lang='lat' dir='ltr'>publice</span> <span class='ocrx_word' id='word_1_16' title='bbox 549 584 729 665; x_wconf 87' lang='lat' dir='ltr'>vetabatur,</span> <span class='ocrx_word' id='word_1_17' title='bbox 747 588 836 649; x_wconf 77' lang='lat' dir='ltr'>anto</span> <span class='ocrx_word' id='word_1_18' title='bbox 851 585 892 649; x_wconf 85' lang='lat' dir='ltr'>ab</span> <span class='ocrx_word' id='word_1_19' title='bbox 907 587 952 649; x_wconf 89' lang='lat' dir='ltr'>eis</span> <span class='ocrx_word' id='word_1_20' title='bbox 967 583 1171 648; x_wconf 75' lang='lat' dir='ltr'>adserebatur</span> <span class='ocrx_word' id='word_1_21' title='bbox 1184 584 1235 648; x_wconf 92' lang='lat' dir='ltr'>in·</span> 
     </span>
     <span class='ocr_line' id='line_1_4' title="bbox 70 685 1236 773; baseline -0.001 -22"><span class='ocrx_word' id='word_1_22' title='bbox 70 686 242 773; x_wconf 78' lang='lat' dir='ltr'>superabili</span> <span class='ocrx_word' id='word_1_23' title='bbox 258 688 413 772; x_wconf 85' lang='lat' dir='ltr'>aequitate</span> <span class='ocrx_word' id='word_1_24' title='bbox 429 689 634 769; x_wconf 88' lang='lat' dir='ltr'>conscriptus.</span> <span class='ocrx_word' id='word_1_25' title='bbox 657 687 771 769; x_wconf 87' lang='lat' dir='ltr'>Sicque</span> <span class='ocrx_word' id='word_1_26' title='bbox 783 687 937 772; x_wconf 87' lang='lat' dir='ltr'>pertidum</span> <span class='ocrx_word' id='word_1_27' title='bbox 948 687 1046 751; x_wconf 90' lang='lat' dir='ltr'>iniere</span> <span class='ocrx_word' id='word_1_28' title='bbox 1059 685 1236 766; x_wconf 87' lang='lat' dir='ltr'>consilium,</span> 
     </span>
     <span class='ocr_line' id='line_1_5' title="bbox 70 787 1236 873; baseline 0 -21"><span class='ocrx_word' id='word_1_29' title='bbox 70 788 154 853; x_wconf 90' lang='lat' dir='ltr'>utin</span> <span class='ocrx_word' id='word_1_30' title='bbox 169 788 297 853; x_wconf 93' lang='lat' dir='ltr'>modum</span> <span class='ocrx_word' id='word_1_31' title='bbox 312 788 462 873; x_wconf 82' lang='lat' dir='ltr'>symboli,</span> <span class='ocrx_word' id='word_1_32' title='bbox 482 810 545 853; x_wconf 93' lang='lat' dir='ltr'>non</span> <span class='ocrx_word' id='word_1_33' title='bbox 565 788 781 853; x_wconf 89' lang='lat' dir='ltr'>discutiendus</span> <span class='ocrx_word' id='word_1_34' title='bbox 796 789 970 853; x_wconf 87' lang='lat' dir='ltr'>traderetur</span> <span class='ocrx_word' id='word_1_35' title='bbox 985 787 1159 873; x_wconf 82' lang='lat' dir='ltr'>aliquibus,</span> <span class='ocrx_word' id='word_1_36' title='bbox 1179 787 1236 852; x_wconf 88' lang='lat' dir='ltr'>sed</span> 
     </span>
     <span class='ocr_line' id='line_1_6' title="bbox 70 888 1234 976; baseline -0.001 -21"><span class='ocrx_word' id='word_1_37' title='bbox 70 889 257 955; x_wconf 87' lang='lat' dir='ltr'>credendus.</span> <span class='ocrx_word' id='word_1_38' title='bbox 278 891 327 956; x_wconf 89' lang='lat' dir='ltr'>lta</span> <span class='ocrx_word' id='word_1_39' title='bbox 342 899 451 959; x_wconf 89' lang='lat' dir='ltr'>contra</span> <span class='ocrx_word' id='word_1_40' title='bbox 465 891 547 955; x_wconf 89' lang='lat' dir='ltr'>huno</span> <span class='ocrx_word' id='word_1_41' title='bbox 562 892 768 976; x_wconf 79' lang='lat' dir='ltr'>suscepimus,</span> <span class='ocrx_word' id='word_1_42' title='bbox 782 897 817 955; x_wconf 89' lang='lat' dir='ltr'>ut</span> <span class='ocrx_word' id='word_1_43' title='bbox 831 891 998 957; x_wconf 87' lang='lat' dir='ltr'>adversum</span> <span class='ocrx_word' id='word_1_44' title='bbox 1013 890 1135 973; x_wconf 84' lang='lat' dir='ltr'>singula</span> <span class='ocrx_word' id='word_1_45' title='bbox 1149 888 1234 954; x_wconf 91' lang='lat' dir='ltr'>blas·</span> 
     </span>
     <span class='ocr_line' id='line_1_7' title="bbox 69 990 1233 1080; baseline 0 -23"><span class='ocrx_word' id='word_1_46' title='bbox 69 990 269 1080; x_wconf 88' lang='lat' dir='ltr'>phemiorum</span> <span class='ocrx_word' id='word_1_47' title='bbox 283 996 351 1059; x_wconf 90' lang='lat' dir='ltr'>eius</span> <span class='ocrx_word' id='word_1_48' title='bbox 367 994 461 1074; x_wconf 89' lang='lat' dir='ltr'>dicta,</span> <span class='ocrx_word' id='word_1_49' title='bbox 475 1001 542 1058; x_wconf 90' lang='lat' dir='ltr'>tarn</span> <span class='ocrx_word' id='word_1_50' title='bbox 556 994 734 1058; x_wconf 83' lang='lat' dir='ltr'>rationabili</span> <span class='ocrx_word' id='word_1_51' title='bbox 748 997 896 1076; x_wconf 87' lang='lat' dir='ltr'>veritate,</span> <span class='ocrx_word' id='word_1_52' title='bbox 910 1015 1006 1079; x_wconf 91' lang='lat' dir='ltr'>quam</span> <span class='ocrx_word' id='word_1_53' title='bbox 1019 991 1111 1075; x_wconf 79' lang='lat' dir='ltr'>legali</span> <span class='ocrx_word' id='word_1_54' title='bbox 1125 998 1233 1057; x_wconf 89' lang='lat' dir='ltr'>aucto·</span> 
     </span>
     <span class='ocr_line' id='line_1_8' title="bbox 69 1095 1235 1182; baseline -0.003 -21"><span class='ocrx_word' id='word_1_55' title='bbox 69 1098 164 1161; x_wconf 87' lang='lat' dir='ltr'>ritate</span> <span class='ocrx_word' id='word_1_56' title='bbox 185 1116 370 1181; x_wconf 81' lang='lat' dir='ltr'>pugnemus.</span> <span class='ocrx_word' id='word_1_57' title='bbox 408 1097 506 1174; x_wconf 86' lang='lat' dir='ltr'>Quem</span> <span class='ocrx_word' id='word_1_58' title='bbox 526 1096 641 1161; x_wconf 90' lang='lat' dir='ltr'>librum</span> <span class='ocrx_word' id='word_1_59' title='bbox 663 1117 725 1161; x_wconf 91' lang='lat' dir='ltr'>non</span> <span class='ocrx_word' id='word_1_60' title='bbox 747 1096 977 1182; x_wconf 79' lang='lat' dir='ltr'>discerpentes,</span> <span class='ocrx_word' id='word_1_61' title='bbox 1000 1095 1057 1161; x_wconf 86' lang='lat' dir='ltr'>sed</span> <span class='ocrx_word' id='word_1_62' title='bbox 1077 1099 1235 1179; x_wconf 83' lang='lat' dir='ltr'>integrum</span> 
     </span>
     <span class='ocr_line' id='line_1_9' title="bbox 69 1197 1234 1283; baseline -0.002 -20"><span class='ocrx_word' id='word_1_63' title='bbox 69 1218 143 1263; x_wconf 88' lang='lat' dir='ltr'>eum</span> <span class='ocrx_word' id='word_1_64' title='bbox 158 1197 199 1262; x_wconf 91' lang='lat' dir='ltr'>ab</span> <span class='ocrx_word' id='word_1_65' title='bbox 211 1199 300 1264; x_wconf 89' lang='lat' dir='ltr'>initio</span> <span class='ocrx_word' id='word_1_66' title='bbox 313 1218 410 1282; x_wconf 90' lang='lat' dir='ltr'>usquo</span> <span class='ocrx_word' id='word_1_67' title='bbox 423 1199 462 1262; x_wconf 91' lang='lat' dir='ltr'>ad</span> <span class='ocrx_word' id='word_1_68' title='bbox 475 1202 570 1263; x_wconf 86' lang='lat' dir='ltr'>tinem</span> <span class='ocrx_word' id='word_1_69' title='bbox 582 1199 823 1283; x_wconf 77' lang='lat' dir='ltr'>perscribentes,</span> <span class='ocrx_word' id='word_1_70' title='bbox 837 1200 1058 1281; x_wconf 79' lang='lat' dir='ltr'>nonagesimae</span> <span class='ocrx_word' id='word_1_71' title='bbox 1070 1198 1234 1262; x_wconf 88' lang='lat' dir='ltr'>haereseos</span> 
     </span>
     <span class='ocr_line' id='line_1_10' title="bbox 69 1299 1234 1387; baseline -0.001 -22"><span class='ocrx_word' id='word_1_72' title='bbox 69 1302 261 1387; x_wconf 87' lang='lat' dir='ltr'>proiecimus</span> <span class='ocrx_word' id='word_1_73' title='bbox 276 1301 372 1365; x_wconf 87' lang='lat' dir='ltr'>silvae</span> <span class='ocrx_word' id='word_1_74' title='bbox 393 1301 536 1366; x_wconf 85' lang='lat' dir='ltr'>arborem</span> <span class='ocrx_word' id='word_1_75' title='bbox 556 1322 627 1364; x_wconf 79' lang='lat' dir='ltr'>erim</span> <span class='ocrx_word' id='word_1_76' title='bbox 643 1301 867 1385; x_wconf 87' lang='lat' dir='ltr'>nequissimam</span> <span class='ocrx_word' id='word_1_77' title='bbox 883 1299 1132 1384; x_wconf 63' lang='lat' dir='ltr'>detegentes-ad</span> <span class='ocrx_word' id='word_1_78' title='bbox 1146 1302 1234 1365; x_wconf 89' lang='lat' dir='ltr'>cuius</span> 
     </span>
     <span class='ocr_line' id='line_1_11' title="bbox 69 1402 1233 1489; baseline -0.003 -20"><span class='ocrx_word' id='word_1_79' title='bbox 69 1402 212 1469; x_wconf 81' lang='lat' dir='ltr'>radicem</span> <span class='ocrx_word' id='word_1_80' title='bbox 227 1406 345 1467; x_wconf 89' lang='lat' dir='ltr'>securis</span> <span class='ocrx_word' id='word_1_81' title='bbox 361 1410 409 1468; x_wconf 90' lang='lat' dir='ltr'>ost</span> <span class='ocrx_word' id='word_1_82' title='bbox 420 1405 532 1489; x_wconf 87' lang='lat' dir='ltr'>posita,</span> <span class='ocrx_word' id='word_1_83' title='bbox 548 1403 672 1483; x_wconf 88' lang='lat' dir='ltr'>adhoc,</span> <span class='ocrx_word' id='word_1_84' title='bbox 688 1410 722 1466; x_wconf 91' lang='lat' dir='ltr'>ut</span> <span class='ocrx_word' id='word_1_85' title='bbox 736 1403 899 1468; x_wconf 82' lang='lat' dir='ltr'>excidatur</span> <span class='ocrx_word' id='word_1_86' title='bbox 913 1410 945 1469; x_wconf 90' lang='lat' dir='ltr'>ot</span> <span class='ocrx_word' id='word_1_87' title='bbox 960 1405 993 1467; x_wconf 88' lang='lat' dir='ltr'>in</span> <span class='ocrx_word' id='word_1_88' title='bbox 1007 1403 1112 1485; x_wconf 80' lang='lat' dir='ltr'>ignem</span> <span class='ocrx_word' id='word_1_89' title='bbox 1126 1402 1233 1466; x_wconf 87' lang='lat' dir='ltr'>mitta·</span> 
     </span>
     <span class='ocr_line' id='line_1_12' title="bbox 69 1504 1232 1589; baseline -0.002 -18"><span class='ocrx_word' id='word_1_90' title='bbox 69 1512 130 1571; x_wconf 80' lang='lat' dir='ltr'>tur.</span> <span class='ocrx_word' id='word_1_91' title='bbox 153 1504 351 1589; x_wconf 88' lang='lat' dir='ltr'>Ubicumque</span> <span class='ocrx_word' id='word_1_92' title='bbox 365 1513 470 1569; x_wconf 90' lang='lat' dir='ltr'>autom</span> <span class='ocrx_word' id='word_1_93' title='bbox 485 1506 624 1570; x_wconf 90' lang='lat' dir='ltr'>eiusdem</span> <span class='ocrx_word' id='word_1_94' title='bbox 640 1506 711 1570; x_wconf 92' lang='lat' dir='ltr'>libri</span> <span class='ocrx_word' id='word_1_95' title='bbox 728 1513 801 1570; x_wconf 88' lang='lat' dir='ltr'>sunt</span> <span class='ocrx_word' id='word_1_96' title='bbox 816 1506 910 1587; x_wconf 87' lang='lat' dir='ltr'>dicta,</span> <span class='ocrx_word' id='word_1_97' title='bbox 924 1505 1016 1571; x_wconf 90' lang='lat' dir='ltr'>lincis</span> <span class='ocrx_word' id='word_1_98' title='bbox 1032 1510 1147 1586; x_wconf 84' lang='lat' dir='ltr'>atcrgo</span> <span class='ocrx_word' id='word_1_99' title='bbox 1163 1524 1232 1569; x_wconf 89' lang='lat' dir='ltr'>vcr-</span> 
     </span>
     <span class='ocr_line' id='line_1_13' title="bbox 70 1608 1233 1694; baseline -0.003 -21"><span class='ocrx_word' id='word_1_100' title='bbox 70 1628 164 1673; x_wconf 90' lang='lat' dir='ltr'>suum</span> <span class='ocrx_word' id='word_1_101' title='bbox 178 1609 353 1672; x_wconf 88' lang='lat' dir='ltr'>iacentibus</span> <span class='ocrx_word' id='word_1_102' title='bbox 370 1608 564 1690; x_wconf 82' lang='lat' dir='ltr'>deteguntur.</span> <span class='ocrx_word' id='word_1_103' title='bbox 603 1609 687 1685; x_wconf 86' lang='lat' dir='ltr'>Quae</span> <span class='ocrx_word' id='word_1_104' title='bbox 708 1610 781 1673; x_wconf 86' lang='lat' dir='ltr'>licet</span> <span class='ocrx_word' id='word_1_105' title='bbox 801 1630 855 1694; x_wconf 89' lang='lat' dir='ltr'>pro</span> <span class='ocrx_word' id='word_1_106' title='bbox 877 1609 946 1694; x_wconf 89' lang='lat' dir='ltr'>ipsa</span> <span class='ocrx_word' id='word_1_107' title='bbox 965 1610 1012 1672; x_wconf 88' lang='lat' dir='ltr'>sui</span> <span class='ocrx_word' id='word_1_108' title='bbox 1029 1609 1233 1692; x_wconf 88' lang='lat' dir='ltr'>perversitate</span> 
     </span>
     <span class='ocr_line' id='line_1_14' title="bbox 69 1709 1232 1795; baseline -0.003 -18"><span class='ocrx_word' id='word_1_109' title='bbox 69 1710 151 1777; x_wconf 89' lang='lat' dir='ltr'>ultro</span> <span class='ocrx_word' id='word_1_110' title='bbox 168 1730 203 1773; x_wconf 92' lang='lat' dir='ltr'>se</span> <span class='ocrx_word' id='word_1_111' title='bbox 218 1710 393 1793; x_wconf 81' lang='lat' dir='ltr'>legentibus</span> <span class='ocrx_word' id='word_1_112' title='bbox 409 1710 556 1795; x_wconf 90' lang='lat' dir='ltr'>prodant,</span> <span class='ocrx_word' id='word_1_113' title='bbox 576 1717 682 1777; x_wconf 84' lang='lat' dir='ltr'>tamen</span> <span class='ocrx_word' id='word_1_114' title='bbox 703 1714 822 1793; x_wconf 82' lang='lat' dir='ltr'>egimus</span> <span class='ocrx_word' id='word_1_115' title='bbox 842 1718 878 1774; x_wconf 93' lang='lat' dir='ltr'>ut</span> <span class='ocrx_word' id='word_1_116' title='bbox 897 1713 1012 1775; x_wconf 88' lang='lat' dir='ltr'>veritas</span> <span class='ocrx_word' id='word_1_117' title='bbox 1033 1709 1232 1773; x_wconf 84' lang='lat' dir='ltr'>emendacio</span> 
     </span>
     <span class='ocr_line' id='line_1_15' title="bbox 68 1812 1233 1898; baseline -0.003 -19"><span class='ocrx_word' id='word_1_118' title='bbox 68 1834 132 1879; x_wconf 86' lang='lat' dir='ltr'>uon</span> <span class='ocrx_word' id='word_1_119' title='bbox 152 1812 254 1878; x_wconf 90' lang='lat' dir='ltr'>solum</span> <span class='ocrx_word' id='word_1_120' title='bbox 275 1812 379 1877; x_wconf 91' lang='lat' dir='ltr'>verbis</span> <span class='ocrx_word' id='word_1_121' title='bbox 400 1812 656 1893; x_wconf 86' lang='lat' dir='ltr'>rationabilibus,</span> <span class='ocrx_word' id='word_1_122' title='bbox 676 1813 732 1877; x_wconf 89' lang='lat' dir='ltr'>sed</span> <span class='ocrx_word' id='word_1_123' title='bbox 753 1816 848 1877; x_wconf 87' lang='lat' dir='ltr'>etiam</span> <span class='ocrx_word' id='word_1_124' title='bbox 868 1813 977 1896; x_wconf 82' lang='lat' dir='ltr'>elogiis</span> <span class='ocrx_word' id='word_1_125' title='bbox 997 1812 1233 1898; x_wconf 88' lang='lat' dir='ltr'>increpantibus</span> 
     </span>
     <span class='ocr_line' id='line_1_16' title="bbox 69 1914 1233 2002; baseline -0.003 -19"><span class='ocrx_word' id='word_1_126' title='bbox 69 1916 276 1983; x_wconf 87' lang='lat' dir='ltr'>discernatur.</span> <span class='ocrx_word' id='word_1_127' title='bbox 313 1914 396 1980; x_wconf 87' lang='lat' dir='ltr'>Sane</span> <span class='ocrx_word' id='word_1_128' title='bbox 413 1916 600 1981; x_wconf 89' lang='lat' dir='ltr'>Graecorum</span> <span class='ocrx_word' id='word_1_129' title='bbox 615 1936 672 1979; x_wconf 90' lang='lat' dir='ltr'>nos</span> <span class='ocrx_word' id='word_1_130' title='bbox 687 1915 764 1999; x_wconf 84' lang='lat' dir='ltr'>legis</span> <span class='ocrx_word' id='word_1_131' title='bbox 780 1915 1004 1981; x_wconf 88' lang='lat' dir='ltr'>catholicorum</span> <span class='ocrx_word' id='word_1_132' title='bbox 1024 1916 1143 2002; x_wconf 89' lang='lat' dir='ltr'>scripta</span> <span class='ocrx_word' id='word_1_133' title='bbox 1158 1936 1233 1981; x_wconf 89' lang='lat' dir='ltr'>oon·</span> 
     </span>
     <span class='ocr_line' id='line_1_17' title="bbox 67 2017 1233 2100; baseline -0.001 -15"><span class='ocrx_word' id='word_1_134' title='bbox 67 2024 118 2085; x_wconf 80' lang='lat' dir='ltr'>ire</span> <span class='ocrx_word' id='word_1_135' title='bbox 130 2018 361 2083; x_wconf 87' lang='lat' dir='ltr'>haereticorum</span> <span class='ocrx_word' id='word_1_136' title='bbox 377 2025 478 2082; x_wconf 88' lang='lat' dir='ltr'>sectas</span> <span class='ocrx_word' id='word_1_137' title='bbox 495 2017 677 2082; x_wconf 86' lang='lat' dir='ltr'>dirnicantia</span> <span class='ocrx_word' id='word_1_138' title='bbox 692 2019 808 2083; x_wconf 87' lang='lat' dir='ltr'>idcirco</span> <span class='ocrx_word' id='word_1_139' title='bbox 829 2039 1055 2100; x_wconf 88' lang='lat' dir='ltr'>memoramus,</span> <span class='ocrx_word' id='word_1_140' title='bbox 1075 2026 1107 2083; x_wconf 88' lang='lat' dir='ltr'>et</span> <span class='ocrx_word' id='word_1_141' title='bbox 1125 2040 1233 2085; x_wconf 87' lang='lat' dir='ltr'>omnes</span> 
     </span>
     <span class='ocr_line' id='line_1_18' title="bbox 69 2119 1234 2206; baseline -0.003 -19"><span class='ocrx_word' id='word_1_142' title='bbox 69 2120 217 2187; x_wconf 82' lang='lat' dir='ltr'>haereses</span> <span class='ocrx_word' id='word_1_143' title='bbox 240 2119 423 2204; x_wconf 85' lang='lat' dir='ltr'>singillatim</span> <span class='ocrx_word' id='word_1_144' title='bbox 444 2141 500 2205; x_wconf 88' lang='lat' dir='ltr'>per</span> <span class='ocrx_word' id='word_1_145' title='bbox 522 2121 664 2187; x_wconf 83' lang='lat' dir='ltr'>ordinem</span> <span class='ocrx_word' id='word_1_146' title='bbox 686 2121 761 2186; x_wconf 89' lang='lat' dir='ltr'>licet</span> <span class='ocrx_word' id='word_1_147' title='bbox 781 2124 916 2185; x_wconf 89' lang='lat' dir='ltr'>strictim</span> <span class='ocrx_word' id='word_1_148' title='bbox 937 2120 1177 2206; x_wconf 88' lang='lat' dir='ltr'>perscribimus,</span> <span class='ocrx_word' id='word_1_149' title='bbox 1199 2128 1234 2184; x_wconf 90' lang='lat' dir='ltr'>ut</span> 
     </span>
     <span class='ocr_line' id='line_1_19' title="bbox 70 2223 1233 2305; baseline -0.003 -14"><span class='ocrx_word' id='word_1_150' title='bbox 70 2226 172 2291; x_wconf 84' lang='lat' dir='ltr'>sciant</span> <span class='ocrx_word' id='word_1_151' title='bbox 185 2243 285 2287; x_wconf 86' lang='lat' dir='ltr'>novae</span> <span class='ocrx_word' id='word_1_152' title='bbox 301 2223 392 2287; x_wconf 85' lang='lat' dir='ltr'>huius</span> <span class='ocrx_word' id='word_1_153' title='bbox 408 2223 546 2287; x_wconf 85' lang='lat' dir='ltr'>haeresis</span> <span class='ocrx_word' id='word_1_154' title='bbox 563 2227 754 2305; x_wconf 77' lang='lat' dir='ltr'>inventoreS,</span> <span class='ocrx_word' id='word_1_155' title='bbox 775 2226 913 2289; x_wconf 91' lang='lat' dir='ltr'>omnium</span> <span class='ocrx_word' id='word_1_156' title='bbox 933 2245 990 2288; x_wconf 87' lang='lat' dir='ltr'>nos</span> <span class='ocrx_word' id='word_1_157' title='bbox 1005 2223 1233 2289; x_wconf 87' lang='lat' dir='ltr'>haereticorum</span> 
     </span>
     <span class='ocr_line' id='line_1_20' title="bbox 70 2324 1231 2407; baseline -0.003 -14"><span class='ocrx_word' id='word_1_158' title='bbox 70 2324 306 2393; x_wconf 84' lang='lat' dir='ltr'>definitionibus</span> <span class='ocrx_word' id='word_1_159' title='bbox 327 2326 501 2407; x_wconf 83' lang='lat' dir='ltr'>adversari,</span> <span class='ocrx_word' id='word_1_160' title='bbox 521 2332 552 2389; x_wconf 90' lang='lat' dir='ltr'>ot</span> <span class='ocrx_word' id='word_1_161' title='bbox 570 2326 686 2390; x_wconf 87' lang='lat' dir='ltr'>nullius</span> <span class='ocrx_word' id='word_1_162' title='bbox 707 2348 814 2391; x_wconf 89' lang='lat' dir='ltr'>eorum</span> <span class='ocrx_word' id='word_1_163' title='bbox 834 2333 942 2390; x_wconf 88' lang='lat' dir='ltr'>contra</span> <span class='ocrx_word' id='word_1_164' title='bbox 956 2348 989 2390; x_wconf 88' lang='lat' dir='ltr'>so</span> <span class='ocrx_word' id='word_1_165' title='bbox 1005 2329 1052 2390; x_wconf 91' lang='lat' dir='ltr'>uti</span> <span class='ocrx_word' id='word_1_166' title='bbox 1068 2347 1231 2391; x_wconf 88' lang='lat' dir='ltr'>consensu.</span> 
     </span>
     <span class='ocr_line' id='line_1_21' title="bbox 69 2426 1232 2510; baseline -0.002 -14"><span class='ocrx_word' id='word_1_167' title='bbox 69 2428 180 2495; x_wconf 83' lang='lat' dir='ltr'>Cesset</span> <span class='ocrx_word' id='word_1_168' title='bbox 200 2431 301 2494; x_wconf 92' lang='lat' dir='ltr'>omnis</span> <span class='ocrx_word' id='word_1_169' title='bbox 323 2427 553 2510; x_wconf 80' lang='lat' dir='ltr'>tergiversatio,</span> <span class='ocrx_word' id='word_1_170' title='bbox 581 2436 612 2492; x_wconf 87' lang='lat' dir='ltr'>ct</span> <span class='ocrx_word' id='word_1_171' title='bbox 633 2426 787 2494; x_wconf 85' lang='lat' dir='ltr'>calliditas</span> <span class='ocrx_word' id='word_1_172' title='bbox 808 2429 1030 2493; x_wconf 85' lang='lat' dir='ltr'>oblatrantium</span> <span class='ocrx_word' id='word_1_173' title='bbox 1052 2431 1086 2493; x_wconf 92' lang='lat' dir='ltr'>in</span> <span class='ocrx_word' id='word_1_174' title='bbox 1104 2429 1232 2494; x_wconf 91' lang='lat' dir='ltr'>modum</span> 
     </span>
     <span class='ocr_line' id='line_1_22' title="bbox 68 2532 1232 2618; baseline -0.001 -19"><span class='ocrx_word' id='word_1_175' title='bbox 68 2534 156 2599; x_wconf 81' lang='lat' dir='ltr'>cauis</span> <span class='ocrx_word' id='word_1_176' title='bbox 172 2532 309 2597; x_wconf 83' lang='lat' dir='ltr'>uomitus</span> <span class='ocrx_word' id='word_1_177' title='bbox 325 2551 397 2596; x_wconf 87' lang='lat' dir='ltr'>suos</span> <span class='ocrx_word' id='word_1_178' title='bbox 413 2533 481 2616; x_wconf 89' lang='lat' dir='ltr'>ipsa</span> <span class='ocrx_word' id='word_1_179' title='bbox 496 2534 609 2595; x_wconf 91' lang='lat' dir='ltr'>iterum</span> <span class='ocrx_word' id='word_1_180' title='bbox 626 2533 758 2596; x_wconf 89' lang='lat' dir='ltr'>sorbeat.</span> <span class='ocrx_word' id='word_1_181' title='bbox 797 2532 913 2597; x_wconf 89' lang='lat' dir='ltr'>Omnes</span> <span class='ocrx_word' id='word_1_182' title='bbox 928 2555 947 2596; x_wconf 91' lang='lat' dir='ltr'>a</span> <span class='ocrx_word' id='word_1_183' title='bbox 962 2532 1090 2597; x_wconf 88' lang='lat' dir='ltr'>Simone</span> <span class='ocrx_word' id='word_1_184' title='bbox 1106 2539 1232 2618; x_wconf 82' lang='lat' dir='ltr'>coeptas</span> 
     </span>
     <span class='ocr_line' id='line_1_23' title="bbox 67 2633 1232 2719; baseline -0.002 -17"><span class='ocrx_word' id='word_1_185' title='bbox 67 2634 216 2701; x_wconf 75' lang='lat' dir='ltr'>haereses</span> <span class='ocrx_word' id='word_1_186' title='bbox 232 2633 415 2717; x_wconf 83' lang='lat' dir='ltr'>detegimus,</span> <span class='ocrx_word' id='word_1_187' title='bbox 431 2638 600 2717; x_wconf 84' lang='lat' dir='ltr'>arguimus,</span> <span class='ocrx_word' id='word_1_188' title='bbox 616 2634 869 2716; x_wconf 89' lang='lat' dir='ltr'>condemnamus,</span> <span class='ocrx_word' id='word_1_189' title='bbox 882 2642 913 2699; x_wconf 90' lang='lat' dir='ltr'>et</span> <span class='ocrx_word' id='word_1_190' title='bbox 927 2641 992 2699; x_wconf 85' lang='lat' dir='ltr'>tam</span> <span class='ocrx_word' id='word_1_191' title='bbox 1007 2636 1126 2700; x_wconf 89' lang='lat' dir='ltr'>ratione</span> <span class='ocrx_word' id='word_1_192' title='bbox 1139 2657 1232 2719; x_wconf 91' lang='lat' dir='ltr'>quarn</span> 
     </span>
     <span class='ocr_line' id='line_1_24' title="bbox 68 2737 1232 2822; baseline -0.002 -17"><span class='ocrx_word' id='word_1_193' title='bbox 68 2740 255 2804; x_wconf 82' lang='lat' dir='ltr'>auctoritate</span> <span class='ocrx_word' id='word_1_194' title='bbox 271 2743 433 2822; x_wconf 86' lang='lat' dir='ltr'>superatas</span> <span class='ocrx_word' id='word_1_195' title='bbox 450 2737 654 2802; x_wconf 69' lang='lat' dir='ltr'>ostendimus,</span> <span class='ocrx_word' id='word_1_196' title='bbox 687 2739 724 2802; x_wconf 90' lang='lat' dir='ltr'>In</span> <span class='ocrx_word' id='word_1_197' title='bbox 740 2738 915 2803; x_wconf 88' lang='lat' dir='ltr'>detectione</span> <span class='ocrx_word' id='word_1_198' title='bbox 930 2740 1025 2822; x_wconf 89' lang='lat' dir='ltr'>igitur</span> <span class='ocrx_word' id='word_1_199' title='bbox 1038 2738 1184 2803; x_wconf 85' lang='lat' dir='ltr'>falsitatis</span> <span class='ocrx_word' id='word_1_200' title='bbox 1200 2745 1232 2803; x_wconf 86' lang='lat' dir='ltr'>et</span> 
     </span>
     <span class='ocr_line' id='line_1_25' title="bbox 67 2839 1230 2924; baseline -0.002 -17"><span class='ocrx_word' id='word_1_201' title='bbox 67 2843 102 2907; x_wconf 87' lang='lat' dir='ltr'>in</span> <span class='ocrx_word' id='word_1_202' title='bbox 116 2841 300 2907; x_wconf 84' lang='lat' dir='ltr'>defensione</span> <span class='ocrx_word' id='word_1_203' title='bbox 321 2841 464 2904; x_wconf 81' lang='lat' dir='ltr'>raritatis</span> <span class='ocrx_word' id='word_1_204' title='bbox 485 2841 710 2905; x_wconf 88' lang='lat' dir='ltr'>catholicorum</span> <span class='ocrx_word' id='word_1_205' title='bbox 731 2863 838 2906; x_wconf 90' lang='lat' dir='ltr'>sumus</span> <span class='ocrx_word' id='word_1_206' title='bbox 859 2845 958 2905; x_wconf 88' lang='lat' dir='ltr'>secuti</span> <span class='ocrx_word' id='word_1_207' title='bbox 979 2839 1127 2924; x_wconf 78' lang='lat' dir='ltr'>uestigia,</span> <span class='ocrx_word' id='word_1_208' title='bbox 1147 2847 1179 2906; x_wconf 87' lang='lat' dir='ltr'>et</span> <span class='ocrx_word' id='word_1_209' title='bbox 1197 2842 1230 2905; x_wconf 93' lang='lat' dir='ltr'>id</span> 
     </span>
     <span class='ocr_line' id='line_1_26' title="bbox 67 2942 1230 3031; baseline -0.001 -21"><span class='ocrx_word' id='word_1_210' title='bbox 67 2946 237 3030; x_wconf 78' lang='lat' dir='ltr'>gessimus,</span> <span class='ocrx_word' id='word_1_211' title='bbox 252 2945 334 3007; x_wconf 87' lang='lat' dir='ltr'>utin</span> <span class='ocrx_word' id='word_1_212' title='bbox 348 2945 448 3028; x_wconf 91' lang='lat' dir='ltr'>primo</span> <span class='ocrx_word' id='word_1_213' title='bbox 464 2942 543 3008; x_wconf 92' lang='lat' dir='ltr'>libro</span> <span class='ocrx_word' id='word_1_214' title='bbox 558 2949 696 3007; x_wconf 81' lang='lat' dir='ltr'>veterata</span> <span class='ocrx_word' id='word_1_215' title='bbox 710 2943 874 3009; x_wconf 88' lang='lat' dir='ltr'>haereseos</span> <span class='ocrx_word' id='word_1_216' title='bbox 890 2947 1069 3030; x_wconf 86' lang='lat' dir='ltr'>superstitio</span> <span class='ocrx_word' id='word_1_217' title='bbox 1084 2952 1230 3031; x_wconf 87' lang='lat' dir='ltr'>perpate-</span> 
     </span>
     <span class='ocr_line' id='line_1_27' title="bbox 67 3046 1230 3130; baseline 0.002 -19"><span class='ocrx_word' id='word_1_218' title='bbox 67 3053 145 3130; x_wconf 88' lang='lat' dir='ltr'>scat,</span> <span class='ocrx_word' id='word_1_219' title='bbox 159 3048 194 3111; x_wconf 92' lang='lat' dir='ltr'>in</span> <span class='ocrx_word' id='word_1_220' title='bbox 209 3046 345 3110; x_wconf 91' lang='lat' dir='ltr'>secundo</span> <span class='ocrx_word' id='word_1_221' title='bbox 360 3066 433 3110; x_wconf 82' lang='lat' dir='ltr'>voro</span> <span class='ocrx_word' id='word_1_222' title='bbox 449 3067 547 3110; x_wconf 79' lang='lat' dir='ltr'>nouae</span> <span class='ocrx_word' id='word_1_223' title='bbox 564 3047 794 3111; x_wconf 88' lang='lat' dir='ltr'>adinventionis</span> <span class='ocrx_word' id='word_1_224' title='bbox 809 3068 932 3111; x_wconf 83' lang='lat' dir='ltr'>venena</span> <span class='ocrx_word' id='word_1_225' title='bbox 943 3068 1006 3111; x_wconf 90' lang='lat' dir='ltr'>non</span> <span class='ocrx_word' id='word_1_226' title='bbox 1017 3046 1151 3130; x_wconf 89' lang='lat' dir='ltr'>lateant,</span> <span class='ocrx_word' id='word_1_227' title='bbox 1166 3053 1230 3113; x_wconf 89' lang='lat' dir='ltr'>ter·</span> 
     </span>
     <span class='ocr_line' id='line_1_28' title="bbox 66 3148 1231 3237; baseline 0 -21"><span class='ocrx_word' id='word_1_228' title='bbox 66 3150 130 3216; x_wconf 81' lang='lat' dir='ltr'>lius</span> <span class='ocrx_word' id='word_1_229' title='bbox 151 3168 225 3214; x_wconf 83' lang='lat' dir='ltr'>uero</span> <span class='ocrx_word' id='word_1_230' title='bbox 247 3148 328 3213; x_wconf 90' lang='lat' dir='ltr'>liber</span> <span class='ocrx_word' id='word_1_231' title='bbox 350 3148 514 3213; x_wconf 85' lang='lat' dir='ltr'>haereseos</span> <span class='ocrx_word' id='word_1_232' title='bbox 542 3149 679 3213; x_wconf 82' lang='lat' dir='ltr'>devictae</span> <span class='ocrx_word' id='word_1_233' title='bbox 706 3150 861 3213; x_wconf 90' lang='lat' dir='ltr'>tumulum</span> <span class='ocrx_word' id='word_1_234' title='bbox 886 3150 1020 3234; x_wconf 85' lang='lat' dir='ltr'>fideique</span> <span class='ocrx_word' id='word_1_235' title='bbox 1045 3150 1231 3237; x_wconf 88' lang='lat' dir='ltr'>trophaeum</span> 
     </span>
     <span class='ocr_line' id='line_1_29' title="bbox 66 3250 1231 3340; baseline 0 -21"><span class='ocrx_word' id='word_1_236' title='bbox 66 3254 190 3319; x_wconf 87' lang='lat' dir='ltr'>eunctis</span> <span class='ocrx_word' id='word_1_237' title='bbox 206 3251 347 3316; x_wconf 88' lang='lat' dir='ltr'>ecclesiis</span> <span class='ocrx_word' id='word_1_238' title='bbox 363 3251 474 3315; x_wconf 89' lang='lat' dir='ltr'>tradat.</span> <span class='ocrx_word' id='word_1_239' title='bbox 498 3250 641 3316; x_wconf 81' lang='lat' dir='ltr'>Clemens</span> <span class='ocrx_word' id='word_1_240' title='bbox 656 3255 761 3337; x_wconf 90' lang='lat' dir='ltr'>itaquo</span> <span class='ocrx_word' id='word_1_241' title='bbox 776 3254 934 3319; x_wconf 89' lang='lat' dir='ltr'>Romanus</span> <span class='ocrx_word' id='word_1_242' title='bbox 950 3257 1130 3340; x_wconf 88' lang='lat' dir='ltr'>opiscopus,</span> <span class='ocrx_word' id='word_1_243' title='bbox 1145 3255 1231 3319; x_wconf 89' lang='lat' dir='ltr'>Petri</span> 
     </span>
     <span class='ocr_line' id='line_1_30' title="bbox 69 3353 1229 3441; baseline 0.001 -20"><span class='ocrx_word' id='word_1_244' title='bbox 69 3353 259 3441; x_wconf 78' lang='lat' dir='ltr'>discipulus,</span> <span class='ocrx_word' id='word_1_245' title='bbox 281 3354 396 3418; x_wconf 83' lang='lat' dir='ltr'>Christi</span> <span class='ocrx_word' id='word_1_246' title='bbox 413 3354 614 3437; x_wconf 75' lang='lat' dir='ltr'>dignissimus</span> <span class='ocrx_word' id='word_1_247' title='bbox 629 3361 762 3439; x_wconf 80' lang='lat' dir='ltr'>martyr,</span> <span class='ocrx_word' id='word_1_248' title='bbox 782 3357 918 3421; x_wconf 88' lang='lat' dir='ltr'>Simonis</span> <span class='ocrx_word' id='word_1_249' title='bbox 934 3357 1089 3422; x_wconf 88' lang='lat' dir='ltr'>haeresim</span> <span class='ocrx_word' id='word_1_250' title='bbox 1104 3380 1124 3420; x_wconf 92' lang='lat' dir='ltr'>a</span> <span class='ocrx_word' id='word_1_251' title='bbox 1138 3359 1229 3422; x_wconf 86' lang='lat' dir='ltr'>Petro</span> 
     </span>
     <span class='ocr_line' id='line_1_31' title="bbox 68 3457 1231 3547; baseline 0.001 -24"><span class='ocrx_word' id='word_1_252' title='bbox 68 3457 208 3547; x_wconf 85' lang='lat' dir='ltr'>apostolo</span> <span class='ocrx_word' id='word_1_253' title='bbox 229 3478 299 3523; x_wconf 93' lang='lat' dir='ltr'>cum</span> <span class='ocrx_word' id='word_1_254' title='bbox 319 3460 387 3542; x_wconf 89' lang='lat' dir='ltr'>ipso</span> <span class='ocrx_word' id='word_1_255' title='bbox 409 3458 535 3522; x_wconf 88' lang='lat' dir='ltr'>Simone</span> <span class='ocrx_word' id='word_1_256' title='bbox 557 3465 735 3544; x_wconf 84' lang='lat' dir='ltr'>superatam</span> <span class='ocrx_word' id='word_1_257' title='bbox 756 3459 889 3524; x_wconf 86' lang='lat' dir='ltr'>edocuit.</span> <span class='ocrx_word' id='word_1_258' title='bbox 925 3461 1016 3525; x_wconf 90' lang='lat' dir='ltr'>Hunc</span> <span class='ocrx_word' id='word_1_259' title='bbox 1038 3463 1137 3524; x_wconf 90' lang='lat' dir='ltr'>secuti</span> <span class='ocrx_word' id='word_1_260' title='bbox 1157 3466 1231 3525; x_wconf 89' lang='lat' dir='ltr'>sunt</span> 
     </span>
     <span class='ocr_line' id='line_1_32' title="bbox 67 3560 1228 3648; baseline 0 -21"><span class='ocrx_word' id='word_1_261' title='bbox 67 3563 170 3627; x_wconf 82' lang='lat' dir='ltr'>saneti</span> <span class='ocrx_word' id='word_1_262' title='bbox 185 3563 299 3644; x_wconf 87' lang='lat' dir='ltr'>quique</span> <span class='ocrx_word' id='word_1_263' title='bbox 316 3560 479 3625; x_wconf 82' lang='lat' dir='ltr'>orthodoxi</span> <span class='ocrx_word' id='word_1_264' title='bbox 493 3562 562 3642; x_wconf 89' lang='lat' dir='ltr'>viri,</span> <span class='ocrx_word' id='word_1_265' title='bbox 578 3568 609 3626; x_wconf 91' lang='lat' dir='ltr'>et</span> <span class='ocrx_word' id='word_1_266' title='bbox 624 3584 678 3627; x_wconf 91' lang='lat' dir='ltr'>suo</span> <span class='ocrx_word' id='word_1_267' title='bbox 691 3565 822 3647; x_wconf 87' lang='lat' dir='ltr'>quisque</span> <span class='ocrx_word' id='word_1_268' title='bbox 833 3570 973 3648; x_wconf 89' lang='lat' dir='ltr'>tempore</span> <span class='ocrx_word' id='word_1_269' title='bbox 986 3564 1228 3647; x_wconf 86' lang='lat' dir='ltr'>uniuscuiusque</span> 
     </span>
     <span class='ocr_line' id='line_1_33' title="bbox 64 3662 1230 3751; baseline -0.001 -21"><span class='ocrx_word' id='word_1_270' title='bbox 64 3662 206 3730; x_wconf 77' lang='lat' dir='ltr'>haeresis</span> <span class='ocrx_word' id='word_1_271' title='bbox 222 3669 324 3727; x_wconf 90' lang='lat' dir='ltr'>ortum</span> <span class='ocrx_word' id='word_1_272' title='bbox 340 3670 371 3726; x_wconf 89' lang='lat' dir='ltr'>et</span> <span class='ocrx_word' id='word_1_273' title='bbox 386 3670 544 3728; x_wconf 87' lang='lat' dir='ltr'>certamen</span> <span class='ocrx_word' id='word_1_274' title='bbox 560 3672 591 3728; x_wconf 90' lang='lat' dir='ltr'>ot</span> <span class='ocrx_word' id='word_1_275' title='bbox 606 3668 725 3730; x_wconf 85' lang='lat' dir='ltr'>exitum</span> <span class='ocrx_word' id='word_1_276' title='bbox 741 3687 797 3751; x_wconf 91' lang='lat' dir='ltr'>por</span> <span class='ocrx_word' id='word_1_277' title='bbox 813 3666 963 3751; x_wconf 90' lang='lat' dir='ltr'>plurimos</span> <span class='ocrx_word' id='word_1_278' title='bbox 980 3664 1076 3730; x_wconf 91' lang='lat' dir='ltr'>libros</span> <span class='ocrx_word' id='word_1_279' title='bbox 1088 3674 1120 3729; x_wconf 92' lang='lat' dir='ltr'>et</span> <span class='ocrx_word' id='word_1_280' title='bbox 1131 3665 1230 3730; x_wconf 85' lang='lat' dir='ltr'>multa</span> 
     </span>
     <span class='ocr_line' id='line_1_34' title="bbox 65 3766 1226 3855; baseline 0 -22"><span class='ocrx_word' id='word_1_281' title='bbox 65 3766 167 3833; x_wconf 83' lang='lat' dir='ltr'>millia</span> <span class='ocrx_word' id='word_1_282' title='bbox 180 3786 328 3830; x_wconf 82' lang='lat' dir='ltr'>versuum</span> <span class='ocrx_word' id='word_1_283' title='bbox 344 3769 611 3852; x_wconf 86' lang='lat' dir='ltr'>conscripserunt,</span> <span class='ocrx_word' id='word_1_284' title='bbox 632 3789 709 3853; x_wconf 89' lang='lat' dir='ltr'>quae</span> <span class='ocrx_word' id='word_1_285' title='bbox 730 3790 786 3833; x_wconf 91' lang='lat' dir='ltr'>nos</span> <span class='ocrx_word' id='word_1_286' title='bbox 807 3772 1014 3855; x_wconf 90' lang='lat' dir='ltr'>epitomantes</span> <span class='ocrx_word' id='word_1_287' title='bbox 1028 3771 1154 3832; x_wconf 85' lang='lat' dir='ltr'>iuvante</span> <span class='ocrx_word' id='word_1_288' title='bbox 1171 3768 1226 3833; x_wconf 93' lang='lat' dir='ltr'>do·</span> 
     </span>
     <span class='ocr_line' id='line_1_35' title="bbox 66 3868 1227 3957; baseline -0.001 -20"><span class='ocrx_word' id='word_1_289' title='bbox 66 3872 152 3937; x_wconf 86' lang='lat' dir='ltr'>mino</span> <span class='ocrx_word' id='word_1_290' title='bbox 166 3869 227 3935; x_wconf 94' lang='lat' dir='ltr'>hoc</span> <span class='ocrx_word' id='word_1_291' title='bbox 243 3890 304 3933; x_wconf 93' lang='lat' dir='ltr'>uno</span> <span class='ocrx_word' id='word_1_292' title='bbox 320 3868 425 3934; x_wconf 81' lang='lat' dir='ltr'>libello</span> <span class='ocrx_word' id='word_1_293' title='bbox 442 3870 661 3935; x_wconf 90' lang='lat' dir='ltr'>conclusimus.</span> <span class='ocrx_word' id='word_1_294' title='bbox 701 3871 841 3936; x_wconf 90' lang='lat' dir='ltr'>Orabunt</span> <span class='ocrx_word' id='word_1_295' title='bbox 856 3894 910 3957; x_wconf 91' lang='lat' dir='ltr'>pro</span> <span class='ocrx_word' id='word_1_296' title='bbox 930 3871 1022 3936; x_wconf 89' lang='lat' dir='ltr'>nobis</span> <span class='ocrx_word' id='word_1_297' title='bbox 1038 3878 1145 3936; x_wconf 90' lang='lat' dir='ltr'>sancta</span> <span class='ocrx_word' id='word_1_298' title='bbox 1160 3879 1227 3937; x_wconf 89' lang='lat' dir='ltr'>stu-</span> 
     </span>
     <span class='ocr_line' id='line_1_36' title="bbox 66 3959 1228 4060; baseline 0.004 -25"><span class='ocrx_word' id='word_1_299' title='bbox 66 3972 128 4055; x_wconf 83' lang='lat' dir='ltr'>dia,</span> <span class='ocrx_word' id='word_1_300' title='bbox 143 3992 222 4057; x_wconf 86' lang='lat' dir='ltr'>quae</span> <span class='ocrx_word' id='word_1_301' title='bbox 237 3972 279 4036; x_wconf 88' lang='lat' dir='ltr'>ad</span> <span class='ocrx_word' id='word_1_302' title='bbox 294 3975 433 4057; x_wconf 90' lang='lat' dir='ltr'>requiem</span> <span class='ocrx_word' id='word_1_303' title='bbox 448 3994 592 4038; x_wconf 89' lang='lat' dir='ltr'>curarum</span> <span class='ocrx_word' id='word_1_304' title='bbox 607 3994 735 4039; x_wconf 87' lang='lat' dir='ltr'>suarum</span> <span class='ocrx_word' id='word_1_305' title='bbox 754 3991 810 4060; x_wconf 86' lang='lat' dir='ltr'>per</span> <span class='ocrx_word' id='word_1_306' title='bbox 830 3972 913 4038; x_wconf 91' lang='lat' dir='ltr'>bunc</span> <span class='ocrx_word' id='word_1_307' title='bbox 933 3959 1075 4038; x_wconf 78' lang='lat' dir='ltr'>nostium</span> <span class='ocrx_word' id='word_1_308' title='bbox 1089 3972 1228 4040; x_wconf 88' lang='lat' dir='ltr'>laborem</span> 
     </span>
    </p>
   </div>
   <div class='ocr_carea' id='block_1_3' title="bbox 65 4077 232 4160">
    <p class='ocr_par' dir='ltr' id='par_1_3' title="bbox 65 4077 232 4160">
     <span class='ocr_line' id='line_1_37' title="bbox 65 4077 232 4160; baseline 0 -21"><span class='ocrx_word' id='word_1_309' title='bbox 65 4077 232 4160; x_wconf 61' lang='lat' dir='ltr'>asma</span> 
     </span>
    </p>
   </div>
   <div class='ocr_carea' id='block_1_4' title="bbox 0 0 1528 5124">
    <p class='ocr_par' dir='ltr' id='par_1_4' title="bbox 0 0 1528 5124">
     <span class='ocr_line' id='line_1_38' title="bbox 0 0 1528 5124; baseline 0 1"><span class='ocrx_word' id='word_1_310' title='bbox 0 0 1528 5124; x_wconf 95' lang='lat' dir='ltr'> </span> 
     </span>
    </p>
   </div>
  </div>
 </body>
</html>
