3046 5124
284 1280 537 1372 HONORII
567 1280 1137 1376 AUGUSTODUNENSIS

438 1471 490 1538 nn
504 1472 758 1538 mssnsrsus
773 1474 978 1541 insanus,

129 1741 260 1885 Apud
275 1799 405 1864 ludaeos
420 1800 546 1863 suerunt
559 1799 617 1863 hae
634 1805 703 1864 ooto
718 1799 881 1865 haereses:

191 1904 350 1969 Pharisaei
366 1910 455 1966 erant
470 1902 575 1966 elerici
591 1903 791 1984 ludaeorum,
813 1909 844 1965 et
865 1902 1011 1967 dicuntur
1025 1902 1135 1966 Divisi.
1173 1903 1293 1966 Horum
1312 1919 1361 1969 cnr·
1376 1920 1392 1958 1·
1494 1947 1497 1955 ι

129 2006 268 2071 haeresis
284 2012 350 2069 erat
365 2003 447 2089 quod
463 2004 648 2068 traditiones
664 2024 736 2068 snas
752 2005 970 2088 praeferebant
983 2004 1140 2068 mandatis
1157 2004 1216 2068 dei.

191 2107 368 2173 Sadducaei
384 2115 472 2171 erant
487 2107 632 2172 monaehi
646 2108 831 2172 ludaeorum
848 2114 879 2170 et
894 2107 1041 2172 dicuntur
1055 2108 1143 2171 lusti.
1173 2105 1293 2170 llorum
1311 2125 1362 2175 cap.
1375 2125 1403 2164 n.

127 2211 267 2278 haeresis
287 2218 354 2275 erat
378 2210 462 2294 quod
487 2213 746 2275 resurrectionem
770 2231 935 2295 corporum
957 2209 1128 2292 negabant,
1155 2211 1293 2271 animam

128 2336 200 2380 onm
216 2334 343 2399 corpore
359 2315 487 2378 interire
502 2312 735 2397 praedicabant.
758 2313 873 2396 Legem
886 2312 987 2395 Moysi
999 2316 1195 2396 receperunt,
1211 2311 1290 2374 scri·

118 2424 182 2505 -pta
195 2416 419 2503 prophetarum
434 2422 642 2501 respuerunt.¹

189 2519 302 2584 Essem
318 2519 447 2603 quidam
457 2517 644 2583 ludaeorum
655 2519 804 2584 haeretiei
817 2522 869 2603 qui
882 2519 992 2583 dieunt
1002 2520 1107 2602 ipsum
1118 2538 1187 2582 esso
1200 2515 1289 2580 Chri·
1310 2537 1361 2587 cap.
1375 2538 1413 2577 111.

127 2627 211 2688 stum
228 2623 281 2705 qni
296 2619 403 2685 docuit
417 2622 488 2686 illos
504 2642 630 2685 omnem
645 2621 879 2685 abstinentiam.

190 2724 382 2789 ¹Masbothei
397 2724 450 2788 alii
470 2725 619 2788 haeretiei
640 2727 693 2808 qui
714 2725 824 2790 dieunt
843 2727 947 2810 ipsum
968 2744 1037 2788 esso
1058 2722 1217 2788 Christum
1238 2724 1291 2806 qui
1309 2735 1359 2786 Car·
1373 2735 1410 2775 Ν·

127 2827 234 2895 docuit
248 2827 318 2892 illos
333 2830 367 2892 in
382 2830 466 2892 omni
481 2847 514 2890 re
530 2827 733 2892 sabbatizare.

191 2931 339 2995 Genistae
354 2930 504 2995 haeretiei
520 2930 559 2994 de
575 2931 695 2995 semine
710 2929 855 2996 Abrahae
871 2951 905 2994 se
921 2930 1099 3013 gloriantes.
1133 2929 1170 2993 ln
1184 2928 1290 3012 Baby·
1309 2944 1358 2994 Car·
1371 2944 1396 2983 v-

125 3032 196 3099 lone
212 3036 327 3119 quippe
343 3032 397 3097 alii
412 3032 519 3097 ludaei
534 3036 663 3116 paganis
679 3033 874 3114 mulieribus,
890 3032 944 3097 alii
958 3032 1107 3097 Israelitis
1123 3034 1223 3114 mixti,
1239 3053 1289 3096 re-

124 3137 210 3203 versi
223 3137 257 3200 in
271 3136 469 3201 Hierusalem
484 3136 523 3199 ab
540 3135 625 3200 omni
644 3137 757 3221 populo
779 3157 813 3200 se
833 3135 1023 3218 diviserunt,
1043 3141 1075 3201 et
1093 3136 1153 3201 hoo
1174 3157 1289 3201 nomen

124 3239 294 3305 iactantiae
310 3239 370 3304 sibi
386 3243 595 3324 sumpserunt.

187 3343 335 3409 Maristae
349 3342 500 3407 haeretici
516 3341 667 3426 quosdam
681 3340 849 3427 prophetas
864 3344 1036 3429 recipiunt,
1056 3343 1209 3428 quosdam
1226 3364 1290 3408 non
1308 3357 1357 3409 cu·
1373 3357 1407 3397 η

125 3445 291 3533 recipiunt.

188 3549 361 3614 Samaritae
369 3547 520 3613 haeretiei
532 3547 630 3614 solam
637 3548 739 3632 logom
747 3549 937 3632 custodiunt,
948 3550 1117 3636 prophetas
1126 3553 1287 3634 respuunt.
1307 3563 1357 3615 cu·
1371 3563 1418 3605 V11·

187 3651 479 3736 Hemerobaptistae
502 3652 652 3717 haeretiei
674 3652 788 3717 cotidie
810 3638 999 3718 vestimenta
1024 3659 1056 3717 ot
1079 3674 1208 3738 corpora
1232 3673 1290 3717 sua
1307 3668 1358 3720 cnr·
1371 3666 1430 3709 vm

124 3754 240 3823 urana

478 3948 520 3992 DE
535 3948 715 3994 manners
730 3949 925 3994 PAGANORUM.

185 4064 367 4150 Philosophi
390 4069 480 4130 erant
497 4064 693 4150 patriarchae
712 4065 957 4147 haeretieorum,
978 4064 1061 4130 inter
1083 4085 1160 4149 qnos
1180 4065 1286 4153 plures

124 4166 421 4234 inerunthaereses.
964 4186 968 4194 ·

186 4271 359 4336 ¹Platonioi
374 4293 392 4335 a
406 4270 535 4336 Platone
552 4270 639 4355 dieti,
657 4275 710 4358 qui
725 4272 818 4337 deum
832 4273 970 4356 animas,
985 4271 1112 4356 angelos
1127 4291 1200 4338 vero
1217 4294 1285 4340 cor·
1304 4290 1355 4344 ca.
1367 4292 1403 4334 rr.

191 4440 253 4513 Gap.
264 4440 309 4496 IV.
321 4471 355 4480 —
375 4441 396 4495 l.
415 4440 486 4509 Vutq.
499 4441 658 4496 Marbonaei.

190 4509 253 4582 Gap.
264 4510 311 4564 [X.
323 4540 356 4551 -
376 4509 398 4561 l.
409 4508 499 4562 isidor.
509 4509 553 4562 Ori
573 4509 739 4579 g.v111,s‚r.
752 4508 893 4575 „Platonici
904 4526 921 4563 a
931 4510 1038 4565 Platone
1049 4511 1203 4584 philosopho
1216 4514 1285 4568 dicti.

123 4578 156 4634 m
167 4581 314 4660 animarnm
325 4583 468 4659 creatorem
479 4595 536 4632 esse
548 4525 637 4642 rhum,
653 4595 792 4660 corporum
808 4579 917 4649 angelos
929 4588 1063 4648 asserunt,
1080 4588 1178 4654 etpost
1189 4584 1284 4638 multos

124 4663 252 4704 morum
263 4649 372 4703 cuculos
383 4664 411 4702 m
423 4647 524 4702 diversa
536 4663 645 4718 corpora
654 4647 737 4702 redire
748 4647 851 4703 animas
863 4648 974 4705 dicrrnt.'’
