3046 5124
509 395 905 439 rvnrounuennnsnnnsrnus.
1223 398 1284 463 293

126 552 310 621 Montanum
324 561 357 619 et
371 555 515 641 ⁸insanos
527 555 593 618 eius
605 559 691 617 vates
702 555 832 639 periisse
847 551 1046 638 ⁹snspendio,
1062 549 1203 616 etmulta
1213 550 1285 634 alia,

126 657 160 721 in
184 656 298 742 quibus
321 657 389 721 ¹⁰de
410 656 518 722 Prisca
540 662 571 719 et
584 655 754 721 Maximilla
776 656 913 719 ¹¹refert:
940 654 973 719 Si
994 659 1111 737 negant
1124 657 1284 740 accepisse

126 779 269 841 munera,
285 760 489 825 confiteantur
503 781 565 824 non
582 780 649 823 esse
660 758 828 844 prophetas
840 761 893 842 qui
904 759 1072 843 accipiunt,
1087 762 1119 820 et
1129 756 1214 822 mille
1225 757 1283 822 hoe

127 861 264 927 testibus
277 862 464 948 approbabo.
495 861 557 927 Sed
573 869 604 926 et
618 884 657 926 ex
671 862 740 926 aliis
754 861 906 925 fructibus
920 860 1091 945 probantur
1104 859 1283 945 prophetae.

126 962 185 1030 Dio
200 964 291 1048 milri,
305 964 453 1029 ¹²crinem
468 966 552 1029 lueet
567 961 734 1050 propheta?
750 963 843 1028 stibio
855 962 959 1028 oeulos
973 960 1063 1027 linit?
1077 961 1230 1048 propheta
1244 963 1284 1027 ad

125 1066 251 1132 tabulas
266 1066 346 1132 ludit
361 1073 392 1131 et
407 1065 582 1132 ¹³tesseris?
602 1066 756 1152 propheta
769 1067 860 1130 lenus
876 1062 1038 1150 ¹⁴aeeipit?
1064 1065 1285 1150 Respondeant

125 1174 233 1234 utrum
246 1169 324 1234 haee
339 1171 407 1235 fieri
422 1169 524 1253 liceat,
546 1191 587 1234 an
600 1190 672 1234 nen.
710 1170 813 1234 llleum
834 1175 883 1233 est
896 1167 1026 1253 probare
1046 1170 1119 1251 qnia
1133 1168 1282 1232 fecerunt.

191 1271 394 1355 ¹Art0tpvitae
406 1275 439 1336 in
451 1275 568 1336 sanctis
580 1273 735 1355 mysteriis
747 1274 811 1336 suis
824 1272 863 1336 ad
873 1273 975 1335 vieem
987 1269 1190 1334 eucharistiae
1200 1291 1283 1356 pane
1301 1281 1352 1333 cte
1364 1283 1407 1322 η

125 1379 258 1439 utuntur
273 1380 305 1439 et
319 1396 419 1455 caseo,
435 1372 574 1439 dieentes
589 1397 607 1438 a
622 1376 730 1459 primis
743 1374 923 1439 hominibus
939 1372 1128 1438 oblationem
1141 1394 1160 1436 a
1173 1373 1283 1438 frueti-

125 1476 186 1542 bus
201 1484 303 1541 terrae
319 1483 350 1540 et
365 1499 384 1540 a
398 1478 550 1543 fructibus
566 1480 669 1542 ovium
685 1478 780 1541 luisse
796 1475 1012 1540 celebratam¹.

187 1578 344 1645 Elvidiani
359 1580 472 1644 ¹novae
487 1582 597 1664 spiritu
612 1581 823 1664 perversitatis
838 1577 962 1662 decepti
975 1576 1014 1641 de
1028 1583 1155 1642 sanetae
1168 1578 1284 1643 Mariae
1302 1589 1353 1641 cnr·
1366 1589 1421 1630 m

125 1680 225 1765 glorie
239 1681 356 1766 aliquid
371 1688 495 1764 negant,
510 1681 627 1766 aliquid
643 1683 838 1764 confitentur,
854 1681 1003 1762 dicentes,
1017 1681 1110 1763 Virgo
1125 1685 1197 1744 ante
1212 1702 1282 1766 par·

126 1790 206 1865 tum,
221 1805 285 1848 non
299 1786 384 1868 virgo
399 1791 469 1869 post
483 1790 615 1870 partum.

191 1888 408 1952 ¹Ioviuianus⁸
427 1893 458 1950 et
477 1888 651 1951 Auxentius
671 1887 785 1950 Romae
805 1885 885 1950 hanc
907 1887 1121 1971 perversitatis
1137 1906 1211 1950 suae
1225 1907 1283 1951 no·
1302 1896 1352 1949 0⁸1³·
1365 1896 1431 1936 ¹¹11

125 2010 198 2056 vam
213 1993 412 2055 inseruerunt
434 1990 617 2071 doctrinam,
639 1989 777 2053 dicentes
793 1988 912 2053 nullam
931 1987 1118 2074 ²nuptarum
1138 1994 1169 2051 et
1187 1991 1282 2072 virgi·

125 2114 203 2159 unm
224 2113 294 2158 esse
313 2092 508 2173 distantiam,
529 2093 709 2175 nullumque
735 2094 816 2156 inter
836 2093 1029 2156 abstinentes
1050 2098 1081 2155 et
1101 2090 1284 2174 simpliciter

126 2195 291 2283 epulantes
307 2216 375 2260 esse
391 2194 569 2280 discrimen,
584 2195 775 2281 proferentes
791 2197 885 2258 etiam
899 2194 984 2258 istud
999 2192 1185 2278 exemplum,
1201 2193 1283 2276 quod

126 2301 160 2365 in
172 2300 274 2365 veteri
288 2303 475 2362 testamento
490 2301 592 2362 sancti
612 2299 810 2362 matrimonia
824 2297 1017 2377 habuissent,
1037 2296 1116 2359 lilios
1136 2316 1282 2379 generas·

127 2408 215 2482 sent,
235 2421 293 2465 nee
313 2421 405 2487 posse
426 2399 653 2483 ³virginitatem
672 2401 842 2486 praeferre,
862 2420 900 2464 ne
915 2420 1014 2464 vacua
1025 2401 1067 2464 sit
1081 2398 1190 2484 copula
1204 2419 1283 2483 quae

126 2507 238 2590 genuit
250 2502 396 2586 ⁴gloriam
411 2502 640 2588 prophetarum.

190 2605 526 2691 Anthropomorphitae
556 2603 663 2670 dieunt
692 2605 805 2669 iisdem
835 2606 1062 2671 ¹membrornm
1086 2604 1283 2670 lineamentis
1301 2627 1442 2679 cneum

127 2710 221 2775 deum
242 2709 355 2793 quibus
374 2709 466 2773 homo
487 2714 534 2773 est
554 2711 761 2794 compositum
781 2708 951 2792 designari,
971 2715 1002 2773 et
1018 2707 1189 2774 seeundum
1203 2708 1283 2772 hane

125 2815 310 2896 imaginem,
331 2814 363 2877 in
378 2810 457 2896 ²qua
470 2811 679 2893 ambulamus,
701 2811 795 2876 deum
810 2812 944 2876 similem
959 2812 1078 2877 homini
1092 2832 1161 2876 esse
1176 2811 1282 2876 existi·

124 2921 224 2982 mant.

189 3017 393 3083 Heraclitae⁸.
432 3017 610 3081 ¹Heraolius
625 3023 733 3082 auctor
752 3020 890 3103 ipsorum
905 3017 985 3082 dixit
999 3020 1043 3083 ita
1058 3038 1126 3083 esse
1143 3018 1181 3083 de
1195 3026 1284 3105 patre
1302 3041 1352 3092 cap.
1366 3040 1440 3082 xxiv.

125 3121 236 3202 lilium,
255 3119 341 3184 velut
355 3121 514 3185 lucernam
535 3121 571 3184 de
587 3120 723 3202 lucerna,
744 3127 778 3184 ut
798 3120 1020 3206 lampademin
1036 3121 1112 3186 duas
1132 3121 1145 3161 ²
1152 3122 1284 3188 divisam

175 3255 200 3310 8.
212 3256 320 3309 insanos
336 3257 392 3307 eins
409 3261 480 3308 vates
499 3256 602 3310 Coteler.
615 3256 657 3309 Η.
674 3256 795 3307 insanum
812 3257 868 3308 eius
885 3262 971 3309 vatem
987 3258 1054 3310 Meri.
1105 3258 1130 3312 9.
1146 3259 1284 3328 suspendio

127 3324 233 3379 caster.
244 3326 260 3376 l.
271 3326 287 3377 l.
300 3325 433 3394 dispendio
446 3326 513 3376 illes.
567 3324 605 3377 10.
618 3324 649 3376 de
660 3323 747 3376 Prisca
760 3325 863 3376 Ceteler.
874 3327 889 3379 l.
899 3327 916 3379 l.
928 3325 1015 3379 Prisca
1027 3327 1094 3378 Mera
1148 3327 1185 3378 ll.
1198 3328 1283 3380 refert.

125 3394 155 3448 Si
166 3393 273 3446 Ooteler.
283 3395 299 3446 l.
308 3395 325 3444 l.
342 3393 435 3446 referet
450 3411 478 3445 se
490 3394 556 3446 dien.
616 3392 654 3446 12.
671 3393 768 3444 crinem
780 3393 851 3445 fucat
862 3393 1004 3463 propheta?
1017 3395 1095 3448 stibio
1108 3397 1195 3448 oculos
1208 3397 1283 3448 linit?

125 3462 233 3585 fppeler.
248 3463 264 3512 l.
275 3462 407 3580 ‘'plrimffl’
424 3462 499 3530 fugat
509 3460 651 3531 Prophetas
665 3461 712 3514 tibi
725 3462 815 3514 oculus
832 3463 902 3515 linet.
920 3463 987 3517 Mea.
1041 3463 1079 3518 13.
1092 3469 1205 3517 tesseras
1216 3463 1283 3515 Men.

177 3546 240 3585 acco
259 3530 298 3582 it·
319 3549 356 3583 en.

175 3546 313 3669 GaprX
325 3629 358 3637 —
373 3600 394 3650 1.
407 3600 533 3652 Artotitae
544 3599 611 3652 Men.

176 3666 239 3737 (lap.
251 3666 326 3720 XXI.
340 3698 372 3706 -
388 3668 409 3719 l.
420 3685 503 3720 novae
517 3688 568 3736 epo.
581 3668 641 3720 novi
653 3667 720 3721 Men.

174 3733 337 3805 eapxnffl.
350 3766 383 3774 -
398 3736 418 3787 l.
431 3736 580 3789 Iovinianus
593 3755 645 3804 eqo.
659 3736 773 3791 lulianus
786 3737 852 3791 illes.
894 3738 916 3790 2.
930 3739 1078 3807 nuptiarum
1090 3737 1156 3789 Men.
1200 3736 1223 3791 3.
1234 3737 1283 3789 vir-

124 3804 235 3876 ginitate
248 3803 315 3855 Men.
367 3805 390 3856 4.
403 3805 566 3873 gloriarllen.

175 3872 240 3943 Gap.
252 3872 351 3926 XXlll.
366 3903 397 3910 -
413 3875 434 3924 l.
446 3874 609 3926 memborum
621 3873 688 3928 ⁴llere.
742 3874 765 3926 2.
778 3891 856 3944 quam
867 3874 934 3927 illes.

175 3940 239 4011 Gap.
250 3940 348 3998 XXIV.
362 3970 394 3978 —
409 3942 430 3995 l.
442 3943 567 3994 Heraclus
578 3944 646 3997 illes.
698 3942 722 3997 2.
735 3944 831 3996 divisas
843 3944 910 3997 illan.

157 4060 222 4131 (lup.
238 4059 302 4112 XX.
320 4090 352 4099 -
378 4077 401 4112 a.
414 4061 495 4113 luisse
513 4062 679 4130 celebratam]
731 4064 852 4116 crimen’*
875 4061 913 4115 cf.
931 4062 1078 4131 Hieronym.
1095 4060 1159 4114 Adv.
1176 4062 1248 4116 lovin
1264 4063 1284 4128 l,

123 4128 222 4183 Eadem
233 4129 313 4181 verba
330 4129 395 4197 legis
409 4129 476 4198 apud
488 4129 577 4181 Isidor.
591 4129 679 4200 Origg.
730 4149 755 4201 p.
772 4130 1005 4199 146.‚t0m.1v,p.
1020 4130 1076 4182 146.
1089 4129 1128 4200 Op
1148 4170 1153 4181 .
1167 4131 1206 4183 ed.
1218 4130 1282 4184 Ben.

124 4196 281 4263 masa.
764 4199 826 4269 Cap.
841 4198 938 4251 xxiv.
955 4231 987 4238 -
1008 4216 1031 4252 a.
1047 4147 1202 4267 Heraclltae]
1228 4200 1284 4265 „Ex

729 4268 836 4320 Ilierace
853 4284 897 4319 seu
910 4267 1018 4320 Hieraca
1036 4274 1061 4319 et
1072 4268 1205 4322 Hieraoitis
1216 4269 1284 4322 feee-

158 4332 222 4403 Gap.
233 4332 320 4385 XXII.
332 4364 364 4372 -
375 4349 398 4388 a.
412 4333 571 4401 Iovinianus]
591 4333 679 4387 isidor.
730 4343 790 4388 runt
806 4335 967 4387 oscitabundi
984 4336 1080 4389 librarii
1096 4337 1179 4406 primo
1196 4337 1285 4390 Hiera-

125 4402 215 4473 Origg.
229 4401 295 4463 Vlll‚
307 4401 332 4465 5,
344 4402 384 4454 so.
405 4403 574 4466 ,loviniastae
588 4403 679 4454 alovi-
730 4404 805 4456 eham
818 4410 843 4455 et
855 4403 1026 4469 llierachitas,
1040 4410 1133 4474 postea
1148 4406 1284 4459 Heraclam

124 4468 680 4593 ltfnttttllltllltlllit
730 4472 928 4593 llrssifflllm
945 4480 970 4524 οἵ
986 4473 1283 4596 l⁰¹³⁰¹l²sbld⁰t²¹⁰l

125 4557 353 4671 essendistantiam
365 4556 516 4686 nullumque
527 4553 680 4659 interglabsti·
730 4557 799 4661 tilln'
807 4557 1000 4681 oblinullldlldd
1011 4560 1285 4683 lsrdorfo'rigglnl'lil,

125 4681 216 4729 nautes
228 4683 253 4729 et
265 4676 617 4746 simpliciterepulantesesse
630 4675 679 4727 dis-
730 4677 755 4743 5,
766 4676 806 4730 33.
