3046 5124
405 361 444 402 nn
456 360 684 404 nocnmuemcre
697 359 889 405 mereamus.
1164 365 1226 431 349

65 518 116 581 sui
130 516 351 582 eucharistiam
365 520 533 603 percipere.
567 518 631 583 Sed
646 525 677 582 et
691 525 813 583 secreta
826 486 1039 583 satislactione
1051 519 1130 584 solvi
1144 540 1228 586 mor·

64 618 142 685 talia
157 622 289 684 crimina
302 641 366 685 non
380 641 545 704 negamus,
564 620 640 685 ⁶sed
658 627 777 684 mutato
797 622 883 705 prius
904 621 1037 686 seculari
1051 621 1176 704 habitu,
1198 628 1229 686 et

67 722 211 787 confesso
232 723 391 805 religionis
415 724 517 787 studio
537 745 594 808 per
609 727 691 786 vitae
707 709 949 806 correctionem,
969 730 1001 787 et
1016 726 1095 806 iugi,
1114 724 1229 789 'immo

64 831 217 910 perpetuo
231 825 319 888 luctu
333 827 501 890 miserante
517 826 606 902 ⁸deo;
625 828 672 889 ita
687 825 864 907 dumtaxat,
883 832 918 889 ut
933 829 1088 890 contraria
1102 847 1157 912 pro
1172 825 1229 889 ⁹iis

65 946 146 1012 quae
160 930 300 1012 paenitet
314 934 395 1012 agat,
410 936 442 991 et
456 928 676 992 eucharistiam
692 930 838 993 omnibus
851 929 1016 993 dominicis
1028 928 1139 994 diebus
1154 949 1228 1013 sup-

64 1029 140 1115 plex
154 1035 188 1093 et
202 1030 376 1095 submissus
391 1051 489 1114 usque
504 1031 544 1094 ad
558 1037 692 1095 mortem
706 1033 868 1116 pereipiat.
1322 1106 1328 1123 ἴ

128 1131 328 1196 Paenitentia
342 1153 414 1196 vera
429 1140 477 1196 est
491 1134 681 1218 paenitenda
695 1155 758 1197 nou
780 1134 945 1197 admittere
966 1138 998 1196 et
1017 1133 1155 1197 admissa
1175 1132 1229 1196 de·
1248 1157 1298 1207 cip
1312 1156 1388 1197 xxiv.

66 1232 151 1300 nere.
189 1234 368 1298 Satisfactio
389 1238 599 1319 paenitentiae
619 1242 684 1316 est,
705 1257 815 1300 causas
835 1241 1037 1321 peecatorum
1058 1235 1230 1316 ¹excidere,
1248 1209 1308 1260 (σῳ
1322 1208 1386 1257 Ml)

66 1356 126 1402 nea
141 1357 249 1401 earum
263 1339 512 1420 suggestionibus
528 1338 647 1401 editum
662 1338 832 1421 indulgere.

129 1439 168 1504 In
188 1438 302 1504 divinis
323 1441 635 1525 ¹repromissionibus
654 1440 733 1504 nihil
754 1448 913 1506 terrenum
938 1441 989 1505 vel
1017 1435 1231 1506 transitorium
1249 1464 1300 1514 etp.
1313 1463 1378 1505 xxv.

66 1548 284 1628 expectemus,
310 1545 391 1607 sicut
414 1541 592 1606 ²Meletiani
617 1550 761 1628 sperant,
786 1565 850 1608 uon
876 1546 1056 1629 nuptiarum
1078 1543 1232 1628 copulam,
1249 1517 1309 1567 (⁰⁸⁹⁴
1323 1515 1376 1565 Μ’)

68 1647 151 1710 sicut
165 1645 332 1709 Corinthus
345 1652 376 1709 et
387 1645 525 1709 Marcion
539 1646 702 1727 idelirant,
712 1666 776 1710 non
792 1646 874 1730 qnod
886 1645 926 1709 ad
937 1647 1044 1711 cibum
1057 1647 1109 1710 vel
1123 1646 1163 1711 ad
1174 1668 1230 1732 po-

66 1753 135 1812 tum
149 1750 297 1832 pertinet,
309 1751 401 1811 siout
414 1748 530 1832 ⁴Papia
545 1756 670 1812 auctore
686 1749 833 1812 irenaeus
852 1753 885 1811 et
899 1748 1110 1813 Tertullianus
1126 1756 1158 1813 et
1171 1749 1230 1812 La-

68 1853 206 1915 ctantius
222 1852 434 1933 acquiescunt.
457 1850 565 1933 Neque
580 1851 654 1932 ⁵per
668 1850 754 1914 millo
769 1870 870 1914 annos
885 1857 957 1934 post
971 1855 1232 1916 resurrectionem

67 1973 199 2036 rognum
214 1953 329 2017 Christi
343 1955 376 2016 in
391 1960 474 2016 terra
488 1954 626 2016 futurum
642 1959 674 2016 et
688 1959 813 2018 sanctos
829 1974 900 2017 curn
920 1953 973 2017 illo
991 1956 1024 2016 in
1041 1954 1162 2017 deliciis
1182 1975 1231 2018 re·

67 2062 216 2141 guaturos
232 2075 406 2140 speremus,
422 2056 503 2119 sieut
516 2056 621 2140 Nepos
638 2055 743 2119 docuit
756 2054 907 2139 ⁶primam
922 2058 1077 2119 iustorum
1090 2077 1231 2120 resurre·
1316 2104 1320 2115 .

68 2162 205 2225 ctionem
222 2165 253 2221 et
268 2160 437 2222 secundam
450 2157 646 2242 'impiorum
669 2165 700 2221 et
714 2160 796 2220 inter
810 2156 867 2220 has
883 2157 960 2221 duas
974 2164 1167 2222 mortuorum
1182 2179 1231 2221 re·

69 2263 280 2327 surrectiones
295 2267 401 2344 gentes
417 2263 594 2344 ignorantes
611 2260 703 2324 deum
719 2263 752 2323 in
774 2259 896 2345 angulis
912 2267 1065 2326 terrarum
1085 2263 1118 2324 in
1140 2281 1232 2325 earne

69 2363 304 2446 ⁸reservandas,
319 2384 396 2446 quae
411 2370 483 2449 post
497 2363 582 2427 mille
605 2383 704 2427 annos
720 2365 808 2446 regni
822 2365 855 2426 in
870 2369 954 2427 terra
967 2365 1120 2428 iustorum
1140 2365 1232 2427 iusti·

68 2473 163 2553 ganta
178 2464 302 2530 diabolo
318 2465 488 2530 mouendae
503 2466 585 2529 ⁹sint
596 2466 636 2530 ad
647 2484 784 2551 pugnam
795 2472 904 2530 contra
915 2469 1015 2531 iustos
1028 2467 1233 2550 ¹⁰regnantcs‚

68 2576 102 2634 et
116 2569 243 2634 domino
258 2591 314 2653 pro
330 2571 419 2633 iustis
433 2575 592 2654 pugnante
604 2569 704 2632 imbre
715 2571 805 2651 igneo
818 2568 1071 2654 compescendas,
1086 2575 1178 2653 atque
1190 2572 1234 2632 ita

29 2664 32 2668 Δ
68 2678 210 2739 mortuas
231 2692 303 2736 cnm
326 2675 435 2735 ceteris
457 2675 491 2735 iu
505 2671 711 2757 impietate¹1¹
719 2678 792 2735 ante
813 2675 944 2736 mortuis
960 2672 1001 2736 ad
1016 2679 1144 2736 aeterna
1158 2693 1232 2757 sup-

69 2774 166 2865 plicia
180 2775 213 2838 in
228 2775 454 2860 incorruptibili
471 2795 562 2838 carne
579 2773 853 2838 ¹⁹resusoitandas.
1012 2762 1017 2774 ’

134 2876 264 2943 Nullum
279 2877 432 2941 credimus
449 2877 637 2941 adsalutem
651 2880 713 2941 nisi
730 2877 786 2940 deo
801 2879 955 2940 invitante
975 2878 1091 2959 venire,
1111 2875 1233 2941 nullum
1251 2899 1301 2950 cup.
1315 2898 1391 2940 nxvr.

68 2983 237 3069 inritatum
257 2980 389 3044 salutem
409 3001 498 3044 suem
517 2983 578 3044 uisi
599 2980 657 3044 deo
678 2979 848 3059 auxiliante
869 2982 1004 3065 operari,
1030 2979 1152 3045 nullnm
1171 2983 1233 3044 nisi
1252 2951 1311 3004 (ω’
1325 2950 1388 3001 ml

71 3089 213 3150 orantem
221 3083 371 3148 auxilium
382 3085 564 3167 promereri,
578 3083 700 3146 nullum
715 3082 765 3145 dei
780 3082 939 3146 voluntate
951 3085 1063 3167 perire,
1077 3082 1134 3147 sed
1144 3083 1233 3168 ¹per·

68 3190 181 3270 missu,
194 3207 249 3272 pro
265 3186 416 3250 electione
430 3186 560 3266 arbitrii,
575 3207 614 3249 ne
626 3183 819 3268 ²iugennitas
826 3189 990 3270 potestatis
1007 3186 1104 3251 semel
1115 3186 1234 3251 homini

72 3291 225 3355 attributa
239 3289 279 3354 ad
295 3289 438 3353 servilem
454 3294 581 3372 cogatur
594 3290 824 3354 necessitatem.

134 3392 252 3457 Malum
267 3392 318 3457 vel
333 3393 499 3456 ¹melitiem
520 3413 583 3456 non
599 3412 667 3455 esse
684 3392 772 3456 adeo
790 3399 924 3456 creatam
940 3391 996 3457 sed
1012 3414 1030 3456 a
1045 3391 1168 3457 diabolo
1184 3393 1233 3454 in·
1252 3413 1302 3463 cup.
1316 3412 1403 3453 mvn.

71 3502 210 3577 venem,
227 3494 280 3578 qui
296 3497 407 3579 etipse
424 3497 523 3562 bonus
539 3495 630 3559 adeo
646 3501 768 3559 creatus
785 3502 841 3560 est.
872 3495 935 3561 Sed
950 3499 1023 3580 quia
1036 3496 1134 3560 libero
1150 3494 1233 3557 arbi.
1252 3466 1313 3517 (ΟΨ
1326 3463 1401 3514 lm)

141 3689 165 3742 6.
181 3691 280 3743 scilicet
292 3691 345 3743 cod.
359 3690 470 3746 Floreat.
523 3691 547 3744 7.
565 3691 661 3744 ieiunio
680 3692 734 3744 cod.
752 3691 866 3743 Floreat.
917 3689 941 3743 8.
959 3689 1007 3742 deo
1022 3689 1125 3742 veniam
1145 3704 1235 3741 conse·

72 3762 180 3831 quatur,
198 3761 235 3811 ita
252 3761 334 3810 edidit
344 3759 508 3812 Elmenltorat.
522 3765 552 3814 de
565 3765 718 3813 auctoritate
736 3763 791 3812 cod.
803 3760 914 3813 Florem.
966 3758 990 3811 9.
1001 3758 1034 3810 iis
1047 3760 1101 3812 cod.
1115 3757 1235 3821 Floreat,

75 3837 100 3879 et
109 3828 168 3880 edit.
184 3827 277 3879 Bened.
289 3826 330 3879 his
342 3830 395 3879 edit
405 3828 518 3884 Elmenlt.

144 3894 206 3965 Gap.
218 3895 317 3948 XXIV.
330 3927 361 3935 -
382 3897 403 3947 1.
416 3897 518 3950 eradere
532 3902 585 3952 cod.
600 3898 626 3951 F
625 3900 713 3950 locent.

142 3963 204 4035 Cap.
216 3964 301 4018 XXV.
314 3996 347 4003 —
372 3964 392 4016 l.
405 3967 618 4034 promissionibus
632 3969 692 4020 edit.
705 3965 819 4017 Etment.
872 3964 895 4016 2.
912 3964 1032 4016 Melitani
1049 3965 1107 4018 edit.
1120 3963 1234 4016 Elmenh.

73 4031 99 4086 ὅ.
116 4033 276 4086 delectantur
295 4033 389 4084 hadent
404 4034 464 4084 libri
479 4053 535 4088 enea.
554 4045 616 4090 testt.
635 4035 818 4087 Benedictinia.
870 4034 894 4084 4.
914 4033 952 4100 Os.
965 4031 1070 4086 Hieron.
1088 4035 1119 4085 de
1129 4033 1234 4102 Scn'ptt.

74 4100 175 4155 Ecclea.
188 4120 220 4154 ca
240 4142 246 4154 .
260 4102 301 4153 18.
313 4133 346 4141 -
360 4101 419 4153 Cod.
434 4102 543 4154 Florent.
557 4122 607 4172 pro
618 4103 699 4174 Papia
712 4102 788 4153 tabet
797 4100 832 4152 Pa
852 4100 899 4152 ias.
922 4101 1012 4164 „Alia”
1027 4100 1121 4171 Papiae
1133 4120 1176 4170 ap.
1189 4100 1234 4151 El·

74 4169 154 4225 meot.
225 4173 372 4240 .postedit.
387 4169 499 4223 Elmenb.
542 4170 565 4223 6.
579 4172 622 4240 qui
634 4173 746 4241 primam
758 4172 816 4221 edit.
845 4169 944 4220 slmenl.
988 4168 1011 4221 7.
1024 4171 1162 4240 impiorum
1175 4186 1234 4222 con-

74 4237 158 4292 finxit
187 4238 220 4291 Et
236 4240 294 4292 edit.
314 4237 426 4291 Elmend.
478 4237 501 4289 8.
519 4240 658 4292 servandas
675 4242 734 4292 edit.
752 4236 866 4289 Elment.
923 4238 947 4291 9.
967 4244 1029 4290 sunt
1044 4241 1102 4290 edit.
1119 4237 1234 4290 Elment.

78 4307 116 4360 10.
127 4312 302 4377 repugnantes
316 4309 370 4358 cod.
384 4307 409 4357 F
408 4309 494 4360 lorent.
550 4308 587 4359 ll.
600 4313 660 4360 ante
672 4327 717 4359 om.
731 4308 786 4360 cod.
801 4305 826 4356 F
826 4307 913 4360 lorent.
962 4306 1000 4357 1⁶2.
1013 4306 1097 4359 Addit
1107 4310 1162 4362 cod.
1175 4306 1235 4358 Flo·

74 4384 138 4429 reat.
150 4381 176 4428 et
186 4377 264 4427 istam
277 4376 484 4444 superstitionem
495 4376 569 4427 valde
581 4376 733 4428 devitamus.

144 4443 206 4514 Gap.
218 4443 316 4498 XXVI.
328 4474 361 4482 —
376 4444 396 4496 l.
406 4461 451 4514 per
463 4461 490 4496 se
503 4445 589 4514 ipsum
601 4448 660 4497 edit.
673 4443 787 4496 Elment.
824 4442 847 4496 2.
861 4443 1029 4512 ingenuitatis
1039 4444 1144 4497 libertas
1155 4449 1234 4516 atque

75 4517 189 4582 potesne
203 4515 261 4566 edit.
275 4511 390 4568 Elmenl.

127 4579 328 4703 dcalllixxlss'
341 4611 373 4620 —
394 4583 414 4636 l.
427 4581 526 4635 malitia
537 4598 590 4634 non
603 4587 642 4635 est
653 4598 669 4634 a
681 4579 728 4634 deo
741 4586 834 4646 creata,
847 4581 892 4634 sed
905 4596 920 4633 a
932 4580 1035 4635 diabolo
1047 4583 1160 4648 inventa,
1172 4584 1234 4652 quia

77 4654 127 4702 ete
145 4654 173 4705 it.
223 4668 300 4703 meo.
