3046 5124
244 282 310 387 ¹264
716 318 944 361 rennuentem

249 476 324 541 sede
343 494 413 540 esse
432 475 605 541 damnatos.
648 477 786 554 Quorum
808 479 904 541 etiam
928 478 1140 542 confessiones
1167 476 1264 542 simul
1290 477 1407 543 direxit

250 578 364 643 Contra
385 578 442 642 hos
463 585 575 663 postea
593 578 645 642 lex
665 578 810 663 specialis
831 599 956 662 egressa
971 585 1029 662 est,
1049 584 1086 644 ut
1099 579 1293 665 ubicumque
1308 586 1409 645 essent

248 684 374 767 reperti,
388 683 511 746 vindice
527 681 629 765 gladio
645 688 818 765 agerentur.

53 798 103 851 cu·
117 798 229 841 LXXXVI-
312 783 562 848 Tertulhanistas
579 784 653 849 olim
668 806 687 848 a
701 784 810 849 Sotere
830 805 912 870 papa
925 784 1064 850 Romano
1086 786 1251 851 damnatos
1271 784 1409 868 legimus.

248 887 310 953 Cur
324 893 430 951 autem
441 890 663 969 octogesimam
675 893 706 951 et
718 893 839 951 sextam
855 908 906 951 eos
919 887 1080 951 haeresem
1091 888 1233 953 dicamus
1244 891 1411 975 arripuisse

247 992 325 1055 haec
341 996 508 1071 causaest,
529 990 610 1074 quod
632 989 784 1074 quaedam
800 989 971 1053 Octaviana
984 993 1116 1055 veniens
1131 1010 1170 1055 ex
1184 991 1306 1074 Africa,
1327 993 1412 1056 euius

247 1096 306 1176 vir,
320 1094 491 1178 Hesperius
507 1094 644 1172 nomine,
663 1092 828 1157 videbatur
840 1093 912 1157 duci
926 1093 1093 1176 Arbogasti
1108 1093 1200 1159 valde
1217 1096 1412 1175 coniunctus,

248 1198 301 1280 qui
321 1198 417 1259 etiam
435 1195 519 1281 apud
537 1194 709 1259 Maximum
727 1201 896 1278 tyranuum
916 1195 1058 1259 multum·
1070 1199 1187 1282 potuit,
1206 1195 1288 1261 haec
1303 1195 1411 1262 ¹Octa·

248 1301 342 1362 viana
356 1297 487 1362 adduxit
502 1318 609 1361 secum
625 1297 781 1381 quendam
800 1300 1071 1380 tergiversatorem
1090 1305 1317 1384 versutumque
1339 1299 1412 1387 dae-

248 1422 384 1482 monem,
400 1403 451 1464 cui
464 1402 517 1464 vix
537 1406 664 1464 centum
684 1406 882 1464 occurrerent
900 1400 1082 1465 verbosanti
1095 1408 1189 1485 atque
1204 1403 1239 1467 in
1252 1401 1413 1468 hominem

249 1503 427 1568 confidenti.
464 1503 522 1566 Hic
545 1523 617 1567 oum
632 1523 664 1566 se
679 1503 898 1587 presbyterum
913 1503 1031 1567 diceret
1045 1503 1329 1587 (tertullianistam,
1348 1526 1412 1571 me·

248 1609 311 1670 ruit
324 1627 381 1690 per
396 1625 519 1669 sacrum
534 1607 700 1689 scriptum,
719 1611 754 1668 ut
769 1604 829 1669 sibi
845 1604 1009 1687 collegium
1024 1612 1112 1670 extra
1129 1625 1236 1671 muros
1256 1608 1347 1673 urbis
1367 1608 1412 1673 fa·

248 1709 392 1773 hrioaret.
435 1706 524 1785 Quod
549 1706 624 1771 dum
642 1710 844 1792 impetrasset
863 1729 882 1771 a
902 1712 1035 1791 tyranno
1055 1709 1209 1791 Maximo,
1234 1716 1414 1781 sanctorum

249 1816 427 1876 nostrorum
443 1810 575 1874 exclusit
590 1809 703 1892 locum,
722 1809 755 1874 id
770 1816 819 1874 est
834 1808 965 1875 duorum
980 1811 1112 1875 fratrum
1125 1811 1271 1878 Processi
1286 1820 1320 1878 et
1332 1813 1412 1879 Mar·

248 1915 377 1995 tiniaui,
404 1913 512 1977 dicens
536 1933 588 1977 eos
611 1913 749 1996 Phryges
772 1913 882 1994 fuisse,
906 1919 938 1976 et
958 1913 1028 1979 ideo
1048 1913 1129 1978 hauc
1149 1914 1252 1999 legem
1273 1918 1413 1981 tenuisse

248 2038 340 2102 quam
356 2016 579 2098 Tertullianus,
593 2021 687 2099 atque
702 2015 760 2079 hoc
777 2016 884 2080 ordine
899 2036 955 2100 per
967 2019 1161 2082 occasionem
1172 2023 1350 2102 martyrum
1364 2018 1414 2084 dei

248 2120 399 2208 populum
414 2118 592 2184 seducebat.
615 2118 680 2182 Deo
697 2125 803 2182 autem
814 2118 988 2184 Theodosio
1004 2118 1146 2203 religioso
1161 2120 1306 2205 Auguste
1321 2121 1414 2186 dante

248 2227 427 2305 victoriam,
449 2225 620 2307 punitoque
637 2221 770 2285 satellite
791 2222 935 2304 Maximi,
955 2222 993 2286 de
1014 2224 1102 2287 ouius
1122 2243 1156 2288 se
1176 2223 1415 2290 Tertullianista

248 2333 403 2414 potestate
418 2325 565 2407 iactabat,
582 2327 688 2388 statim
703 2325 783 2407 fugit
797 2345 868 2388 cum
883 2330 1028 2390 matrona
1042 2345 1122 2409 quae
1135 2332 1278 2408 venerat,
1293 2347 1354 2393 nec
1367 2330 1413 2392 vi·

248 2433 351 2497 ventis
362 2451 421 2493 nec
436 2430 549 2492 mortui
565 2448 687 2492 rumore
703 2433 861 2492 renovato.
897 2428 1069 2511 Martyrum
1084 2449 1211 2493 suorum
1226 2427 1306 2494 deus
1321 2450 1414 2495 excu-

248 2534 317 2600 bias
339 2531 510 2596 catholicae
533 2531 697 2594 festivitati
718 2530 862 2595 restituit.
901 2529 1113 2621 Tertullianus
1133 2536 1240 2597 autem
1259 2532 1322 2596 luit
1340 2534 1415 2598 civis

250 2643 282 2700 et
295 2634 460 2722 presbyter
475 2633 739 2716 Carthaginensis.
771 2632 928 2718 Opuscula
943 2632 1200 2718 eloquentissima
1215 2640 1249 2698 et
1262 2635 1416 2700 ferventia

249 2743 283 2803 in
303 2739 482 2802 defensione
504 2735 603 2800 edidit
625 2737 775 2800 veritatis.
813 2736 872 2799 Hic
893 2735 977 2821 apud
1002 2735 1223 2820 Carthaginem
1253 2736 1416 2803 basilicam

249 2843 369 2923 habuit,
384 2841 438 2905 ubi
454 2839 561 2925 populi
577 2837 617 2902 ad
637 2860 708 2903 eum
725 2838 962 2905 conveniebant.
999 2840 1084 2917 Quae
1104 2839 1237 2905 basihca
1255 2860 1358 2925 usque
1377 2838 1416 2906 ad

249 2945 412 3011 Aurelium
435 2945 617 3028 episcopum
639 2943 706 3006 fuit.
748 2943 869 3024 Ageute
894 2944 978 3006 euim
1004 2942 1179 3025 Augustino
1204 2942 1416 3029 Hipponiensi

251 3052 396 3134 episcopo
413 3053 445 3110 et
459 3045 686 3111 rationabiliter
701 3065 772 3109 curn
788 3047 833 3109 eis
849 3042 1030 3130 disputante
1051 3048 1195 3111 conversi
1209 3056 1296 3128 sunt,
1316 3046 1415 3112 eccle·

250 3155 391 3234 siamque
408 3169 496 3212 suam
511 3154 638 3212 sanctae
654 3147 805 3212 ecclesiae
820 3148 1029 3212 contulerunt.
1066 3148 1297 3214 Tertullianum
1311 3156 1417 3215 autern

252 3252 405 3320 catholica
416 3251 489 3316 hinc
505 3251 705 3336 reprehendit
718 3252 897 3333 auctoritas,
913 3250 995 3336 qued
1006 3253 1144 3316 animam
1155 3272 1194 3315 ex
1205 3254 1315 3319 auuua
1328 3256 1418 3321 uesci

252 3358 339 3438 dicit,
355 3362 386 3418 et
398 3353 539 3418 defendit
549 3354 732 3418 Montanum
748 3359 779 3417 et
788 3353 929 3418 Priscam
944 3360 975 3417 et
984 3354 1190 3421 Maximillam
1201 3360 1314 3421 contra
1322 3357 1419 3424 fldem

253 3460 452 3541 catholicam,
478 3463 510 3520 et
530 3462 638 3520 contra
656 3456 857 3542 Apollonium
876 3458 1057 3543 episcopum
1076 3459 1222 3541 orientis,
1256 3464 1290 3523 et
1309 3466 1420 3526 contra

253 3565 393 3630 Soterem
408 3580 522 3647 papam
536 3558 622 3623 urbis
637 3560 764 3641 Romae,
783 3565 820 3624 ut
840 3558 1095 3646 supradiximus,
1115 3560 1191 3626 dum
1204 3560 1419 3649 Cataphrygea

251 3668 424 3740 haereticos
441 3664 665 3746 detegeremus.
702 3661 730 3726 A
750 3661 862 3747 quibus
881 3669 991 3748 postea
1006 3662 1141 3746 divisus,
1160 3684 1201 3729 ne
1221 3664 1314 3751 plebe
1327 3666 1419 3733 Mon·

253 3771 320 3835 tani
333 3787 449 3833 nomeu
460 3765 645 3831 Tertulhani
656 3765 815 3830 videretur
826 3764 1002 3849 excludere,
1013 3765 1094 3831 fudit
1104 3789 1124 3830 a
1133 3787 1168 3831 se
1180 3787 1308 3834 omnem
1318 3769 1420 3856 Phry·

253 3877 319 3958 giae
334 3874 517 3953 vanitatem,
533 3875 564 3933 et
578 3869 883 3933 Tertullianistarum
898 3868 1116 3935 conventicula
1129 3874 1325 3956 propagavit,
1338 3872 1421 3941 nibil

252 3984 358 4041 tamen
378 3978 411 4040 in
432 3974 493 4039 fide
513 3973 655 4037 mutavit.
691 3972 772 4037 Nam
792 3978 824 4036 et
842 3972 996 4037 secundas
1015 3974 1142 4059 nuptias
1162 3974 1366 4061 condemnat,
1384 3984 1422 4042 ut

254 4080 400 4162 diximus,
414 4078 552 4142 animam
568 4097 606 4140 ex
620 4075 748 4140 traduce
762 4077 870 4140 venire
885 4074 1014 4158 adserit,
1037 4081 1069 4139 et
1081 4096 1140 4141 nos
1155 4076 1328 4145 catholicos
1342 4100 1419 4167 psy-

255 4184 358 4249 chicos
382 4181 496 4247 titulat.
544 4179 741 4265 Ubicumque
766 4183 872 4244 autem
898 4178 1011 4262 legeris
1039 4177 1225 4244 Tertulliani
1249 4180 1420 4251 adversum

254 4286 430 4373 psychiooS,
445 4286 526 4348 scias
541 4303 613 4348 eum
628 4288 736 4348 eontra
751 4279 922 4346 catholicoe
935 4302 1035 4365 agere.

317 4390 354 4453 ln
377 4410 412 4452 oc
413 4389 615 4471 togesimaet
634 4391 704 4470 sept
705 4388 768 4450 ima
786 4383 910 4450 haeresi
928 4384 1091 4451 Abeloitas
1110 4388 1322 4453 nominamus.
1359 4388 1419 4469 Qui

254 4508 385 4560 Probabit
398 4523 456 4574 cap.
468 4505 493 4556 3.
502 4524 566 4574 pap.
576 4504 621 4559 29.
619 4505 704 4624 ΒΡηει
716 4504 758 4556 He
759 4520 841 4555 rreum
853 4503 929 4555 nl!
927 4505 1001 4557 scell
1012 4502 1076 4556 Urit.
1088 4504 1133 4559 lib.
1145 4504 1169 4559 Ι.
1182 4522 1205 4561 e.
1214 4504 1346 4576 7p105
1338 4524 1419 4646 “a

256 4587 280 4628 et
290 4595 330 4644 qu
322 4575 368 4629 ι“8
382 4576 493 4626 Damasi
508 4574 714 4641 sarreptalloae
729 4572 744 4623 Ιι
747 4574 800 4624 ad
809 4576 849 4625 ata
895 4574 1114 4707 ”wammam
1129 4576 1159 4624 iu
1170 4575 1279 4627 eludent
1286 4592 1341 4645 pon

256 4645 404 4715 opusculora
406 4659 474 4694 mac
503 4650 608 4694 cetorum
620 4645 748 4693 recensito
734 4658 773 4704 ue,
785 4658 883 4711 ecp..
912 4638 1026 4710 ‚epe
1084 4638 1231 4713 (emend.)

323 4710 387 4782 Gap.
501 4708 592 4765 vl.-
610 4710 633 4762 l.
645 4708 753 4763 Octavia
762 4680 818 4762 'MS
829 4643 911 4763 lterlr.
901 4712 965 4779 ,qvi
970 4724 1047 4779 praue
1057 4706 1208 4767 Orpeena
