3046 5124
484 353 523 394 D}
536 349 712 395 nummus
724 354 817 395 amns.
1171 356 1232 423 m

68 509 204 575 maxime
223 508 397 593 exquibus
415 508 632 593 intelliguntur
651 512 747 575 etiam
765 509 822 574 illa
842 508 893 574 rel
916 513 1044 591 canem,
1063 511 1114 575 vel
1132 530 1232 596 paene

68 610 345 697 ematapenderc.

130 712 216 781 Ecce
232 735 326 799 quam
341 715 455 779 multas
472 718 782 780 commemoravimus
797 716 953 798 haereses,
967 736 1026 780 nec
1041 722 1148 780 tamen
1163 738 1231 782 mo·
1311 768 1314 773 .

68 816 145 883 dum
158 825 233 891 tuae
248 817 470 902 postulationis
486 817 692 902 implevimus.
730 818 776 881 Ex
799 836 859 900 qno
880 820 963 881 enim
984 816 1162 883 Christiana
1181 840 1231 884 re·

67 918 161 1003 ligio,
185 926 223 984 nt
241 920 346 984 verbis
365 922 428 983 tuis
449 928 535 1001 utar,
562 919 761 983 haereditatis
783 920 955 1004 promissae
971 941 1084 984 nomen
1100 925 1233 1007 aceepit,

68 1040 149 1107 quac
169 1020 317 1087 haereses
336 1030 421 1088 ortae
443 1026 507 1086 sint
531 1044 591 1106 quo
615 1021 706 1085 modo
733 1043 975 1086 commemorare
1002 1043 1110 1087 omnes
1133 1026 1232 1107 potui,

69 1125 126 1209 qni
140 1145 250 1189 omues
265 1145 357 1189 nosse
378 1146 441 1189 non
456 1123 564 1210 potui?
602 1124 689 1201 Quod
704 1124 773 1188 ideo
790 1125 950 1205 existimo,
972 1125 1163 1207 quianullus
1179 1147 1231 1190 eo·

69 1248 156 1309 rum,
173 1248 306 1311 quorum
320 1227 360 1291 de
373 1226 433 1291 hae
449 1249 481 1292 re
497 1226 614 1311 scripta
629 1226 703 1308 legi,
719 1247 827 1290 omnes
842 1228 960 1311 posuit:
981 1228 1231 1312 quandoquidem

69 1330 179 1397 invem
200 1330 284 1415 apud
303 1330 401 1396 aliurn
422 1352 499 1414 quas
518 1330 600 1414 apud
620 1328 716 1392 alium
736 1350 799 1393 non
820 1330 945 1410 inveni,
972 1337 1002 1393 et
1021 1351 1129 1394 rursus
1150 1330 1233 1416 apud

68 1432 169 1499 iatum
183 1453 260 1517 quas
275 1431 328 1496 ille
343 1454 406 1497 non
422 1435 536 1518 posuit.
572 1433 634 1513 Ego
650 1440 754 1494 autem
768 1437 932 1516 propterea
946 1431 1051 1517 plures
1065 1453 1156 1516 quarn
1172 1434 1232 1519 ipsi

70 1537 178 1621 posui,
198 1538 272 1619 quia
287 1535 397 1617 collegi
412 1556 451 1603 cx
471 1535 615 1599 omnibus
631 1555 706 1617 quas
723 1555 831 1598 omnes
847 1535 930 1618 apud
945 1535 1083 1616 singulos
1103 1556 1167 1600 non
1182 1538 1231 1600 in-

69 1637 156 1721 veni,
170 1637 286 1702 additis
301 1641 397 1702 etiam
413 1659 490 1720 quas
505 1640 572 1722 ipso
588 1636 726 1701 recolens
743 1636 825 1722 apud
841 1636 939 1701 ullum
954 1638 1078 1702 illorum
1091 1639 1232 1702 invenire

69 1760 135 1806 non
147 1740 247 1825 potui.
283 1740 374 1805 Unde
389 1742 500 1804 merito
517 1739 609 1804 credo
629 1760 687 1803 nec
703 1761 752 1803 me
773 1743 914 1823 posuisse
931 1761 1056 1822 omnes,
1083 1744 1155 1825 quia
1173 1762 1232 1806 nee

70 1862 181 1909 omnes
197 1842 297 1925 quide
312 1843 369 1908 hac
381 1864 415 1906 re
427 1845 619 1927 seripserunt
633 1841 733 1924 legere
748 1842 846 1927 potui,
861 1863 961 1927 neque
974 1842 1032 1907 hoc
1044 1865 1231 1929 quemquam

71 1966 180 2013 aarum
198 1944 289 2010 rideo
310 1947 423 2010 fecisse
446 1967 522 2028 quos
544 1945 612 2028 legi.
649 1946 809 2009 Postremo
831 1947 955 2009 etiarnsi
974 1967 1081 2011 omnes
1101 1948 1232 2013 forsitan

70 2047 178 2135 poeni,
198 2047 282 2131 qnod
302 2069 365 2112 non
385 2056 476 2131 puto,
497 2056 602 2111 utrum
624 2069 740 2123 omnes¹
752 2048 814 2110 sint
834 2048 941 2130 utique
956 2051 1072 2113 nescio.
1108 2050 1148 2113 Et
1162 2051 1233 2115 ideo

72 2149 157 2236 quod
173 2150 225 2215 vis
243 2172 294 2214 mc
316 2151 462 2234 loquente
483 2151 581 2231 finiri,
607 2171 670 2214 non
690 2149 802 2214 saltem
824 2158 928 2233 potest
951 2171 1001 2213 me
1028 2161 1233 2232 cognoscente

71 2252 303 2340 comprehendi.
340 2253 454 2318 Audivi
472 2254 637 2336 scripsisse
660 2253 697 2316 dc
714 2252 894 2316 haeresibus
916 2260 1060 2316 sanctum
1080 2255 1232 2339 Hierony-

70 2376 170 2438 mum,
184 2355 242 2420 sed
255 2357 360 2441 ipsum
375 2357 442 2420 eius
458 2356 643 2440 opusculum
657 2376 714 2419 neo
727 2358 758 2418 in
771 2361 877 2418 nostra
891 2355 1080 2420 bibliotheca
1092 2360 1232 2424 invenire

70 2461 242 2547 potuimus,
256 2479 315 2523 nec
330 2458 413 2522 unde
430 2462 529 2542 possit
543 2461 643 2543 accipi
659 2457 812 2521 “scimus
837 2458 924 2534 Quod
940 2460 965 2521 si
982 2463 1147 2542 tescionis,
1161 2482 1232 2547 per·

70 2563 143 2628 veni
159 2560 200 2626 ad
220 2561 313 2641 illud,
334 2568 366 2624 et
387 2562 518 2625 forsitan
538 2560 668 2624 habebis
688 2561 799 2623 melius
823 2560 967 2643 ¹⁵aliquid
988 2581 1080 2644 quam
1100 2562 1160 2628 hoe
1175 2584 1232 2630 no·

71 2652 192 2746 main,
212 2665 354 2748 quamvis
374 2685 433 2728 noc
452 2665 567 2748 ipsum,
588 2664 662 2726 licet
681 2664 840 2727 hominum
868 2663 1098 2746 doctissimum,
1125 2687 1233 2732 omnes

70 2766 218 2835 haereses
233 2767 365 2831 arbitror
380 2766 526 2849 indagare
541 2766 689 2850 potuisse.
716 2766 756 2829 Et
770 2772 852 2829 certe
867 2767 1027 2830 Abeloitas
1042 2774 1167 2833 nostrae
1183 2790 1232 2833 re·

71 2870 172 2955 monis
187 2870 372 2949 haereticos,
387 2877 540 2952 quantum
555 2870 708 2948 existimo,
724 2867 774 2931 ille
790 2871 937 2933 nescirit:
958 2872 1003 2933 sic
1019 2870 1096 2934 forte
1113 2878 1144 2934 et
1158 2873 1232 2938 alibi

72 2972 149 3041 alios
164 2973 200 3038 in
215 2971 446 3037 obscurissimis
463 2972 538 3036 locis
561 2972 735 3036 reconditos
763 2974 828 3034 eius
848 2971 992 3034 notitiam
1007 2974 1075 3056 ipsa
1095 2973 1232 3041 locorum

72 3097 201 3145 suornm
221 3076 410 3140 obscuritate
434 3076 596 3157 fugientes.
632 3075 700 3138 lam
724 3095 796 3137 roro
821 3073 896 3137 illud
918 3073 1000 3158 quod
1020 3074 1136 3140 habent
1160 3085 1232 3144 tuae

72 3178 207 3260 litterae,
221 3186 258 3242 ut
272 3180 377 3243 omnia
392 3181 518 3242 omnino
534 3178 675 3242 dicamus
691 3177 802 3260 quibus
818 3176 967 3241 haeretici
988 3200 1006 3240 a
1021 3181 1151 3245 veritate
1166 3181 1231 3247 dis-

72 3285 224 3363 sentiunt,
239 3284 361 3345 etiamsi
377 3284 482 3344 omnia
498 3284 622 3361 scirem,
640 3281 740 3344 facere
756 3300 819 3342 non
833 3300 976 3365 possem:
998 3287 1232 3364 quantominus

71 3406 212 3473 possum,
227 3387 281 3469 qui
296 3388 401 3449 omnia
416 3387 496 3448 scire
512 3406 576 3449 non
591 3380 737 3469 possum?
774 3384 854 3446 Sunt
869 3386 954 3447 enim
968 3383 1129 3466 haeretici,
1150 3387 1233 3471 quod

71 3486 237 3555 fatendum
253 3493 310 3568 est,
326 3490 378 3570 qui
394 3487 536 3570 singulis
550 3487 601 3551 rel
616 3507 677 3551 non
691 3486 787 3550 multo
804 3486 948 3571 amplinS,
964 3487 1160 3570 dogmatibus
1176 3510 1231 3575 op-

70 3597 214 3678 pugnant
229 3590 367 3672 regulam
381 3591 534 3670 ueritatis,
549 3592 631 3654 sicut
640 3588 852 3653 Macedoniani
870 3589 919 3654 vel
933 3590 1124 3671 Photiniani,
1138 3598 1232 3675 atque

71 3692 126 3761 alii
140 3693 319 3779 quicunque
335 3696 378 3756 ita
392 3714 425 3757 se
440 3691 568 3757 habent.
598 3692 647 3756 llli
662 3698 775 3772 autem,
795 3698 831 3756 ut
845 3695 889 3756 ita
903 3694 1045 3773 dixerim,
1059 3692 1231 3777 fabulones,

71 3796 169 3865 idest
190 3795 244 3880 qni
264 3794 383 3859 fabulas
403 3816 500 3860 uanas
528 3795 712 3877 easdemque
739 3795 846 3878 longas
872 3795 1096 3880 perplexasque
1122 3805 1230 3861 conte-

70 3904 166 3981 xunt,
181 3904 247 3963 tam
266 3897 373 3962 multis
389 3898 475 3963 falsis
491 3898 686 3983 dogmatibus
700 3898 785 3983 pleni
801 3907 891 3981 sunt,
911 3906 945 3962 ut
964 3900 1024 3982 ipsi
1041 3918 1162 3981 quoque
1178 3899 1232 3965 illa

71 4020 239 4069 numerare
253 4022 317 4065 nen
332 4003 463 4084 possint,
478 4010 531 4066 aut
545 4001 727 4066 difficillime
743 4001 873 4086 possint.
899 4000 965 4065 Nec
980 3999 1036 4063 ulli
1051 4000 1153 4066 alieno
1168 4000 1233 4067 nlla

124 4154 164 4207 14.
176 4153 235 4207 Hoc
247 4155 302 4205 loco
309 4155 425 4222 plerique
436 4154 511 4207 ,lieet
525 4159 574 4207 islo
586 4160 760 4223 interponunt:
773 4153 937 4205 Certissirnus
950 4151 1040 4215 home,
1057 4153 1189 4206 studiosus
1203 4156 1231 4207 li·

72 4222 179 4277 brorum
191 4222 246 4275 sins
259 4223 388 4290 cognitor,
407 4223 437 4274 de
450 4221 498 4273 hec
510 4223 683 4293 interrogatus
696 4223 732 4273 ait
748 4223 834 4273 nescio
847 4237 924 4290 quem
936 4221 981 4289 qui
992 4219 1059 4272 hanc
1071 4221 1168 4276 famam
1181 4224 1232 4276 dis-

71 4290 212 4345 semiim
226 4292 341 4343 nescisse
357 4292 418 4360 quid
431 4291 532 4343 dixerit.
566 4292 632 4344 Nam
648 4292 679 4342 de
692 4289 850 4352 haeresibus,
863 4290 954 4357 inquit,
966 4290 1067 4342 nullum
1079 4294 1230 4373 opusculum

71 4365 179 4413 mane
189 4359 364 4428 Hieronymus
377 4359 497 4411 condidit.
533 4359 569 4410 Et
576 4368 759 4449 praeoperaretur
771 4357 874 4420 Quodsi
883 4366 911 4410 tu
923 4359 1011 4410 scieris
1023 4368 1069 4412 etc.
1080 4360 1162 4412 belot
1171 4362 1231 4413 hue·

72 4433 166 4482 naim
179 4429 309 4480 indiculus
321 4428 472 4493 Hieronymi
483 4431 578 4479 nomiae
585 4447 636 4497 per
648 4430 782 4480 ttorrde'am
792 4427 945 4478 Meaardum
951 4436 1012 4496 post
1021 4429 1159 4496 Aspustiai
1170 4448 1232 4500 opas

71 4500 247 4619 mim
259 4499 392 4563 culpatum·
408 4497 455 4546 sed
465 4496 618 4547 eruditorem
627 4502 752 4548 senescatis
763 4499 815 4563 ipsi
826 4495 1000 4550 adiudicatae.
1017 4495 1137 4565 (Bened.)
1191 4498 1229 4553 15.

72 4564 119 4619 aa
175 4583 239 4619 caer.
251 4574 277 4618 et
285 4581 369 4634 prope
385 4580 467 4615 omoea
476 4562 551 4615 MSS.
568 4565 608 4614 At
616 4564 714 4616 Looca
726 4565 787 4617 edit.
800 4563 918 4631 perveni,
930 4571 958 4617 et
967 4580 1019 4636 ego
1030 4583 1077 4634 per
1088 4572 1112 4617 te
1124 4566 1156 4618 ad
1168 4567 1230 4620 illud

72 4634 235 4703 petroniam,
251 4640 278 4687 at
291 4633 401 4687 forsitan
414 4630 522 4685 habebis
533 4631 627 4686 melius
639 4631 745 4700 aliquid.
765 4631 885 4701 lBened.)
