3046 5124
236 352 297 418 396

237 505 339 558 debetur
356 506 410 557 sola
423 523 507 573 poeno
521 506 621 555 darrrai:
645 504 736 573 alisque
753 504 805 555 ulla
817 522 903 571 poeria
920 521 1017 566 serame,-
1034 512 1059 555 et
1074 507 1119 556 icti
1134 504 1288 556 dicebantur
1304 522 1354 557 esre
1369 509 1392 557 ia

237 575 310 625 lirnho
319 584 438 642 patrum.-
450 576 493 642 qni
499 572 701 640 prohibebantur
714 582 772 624 crate
780 576 925 640 puscionem
938 571 1035 624 Christi
1046 592 1063 624 a
1076 575 1172 623 rr'aione
1185 574 1283 636 diciaci,
1296 576 1393 641 eoquod

236 661 284 693 noa
296 652 353 693 erat
362 645 521 708 catirrjacturu
531 659 581 708 pro
589 648 697 708 pecc-uto
710 645 785 691 totiena
796 650 912 700 naturae,
925 644 1038 708 qrucmris
1050 640 1078 690 iti
1089 658 1137 691 uon
1147 650 1229 692 essent
1239 642 1340 693 oberoeii
1350 644 1394 693 ali·

237 715 279 761 eui
287 728 385 778 poeitae
393 729 442 777 pro
463 713 568 760 recentis
579 712 632 758 suis
639 709 824 788 per-annalibus.
842 708 958 760 l'iderint
966 707 1095 761 Pontificii
1105 708 1326 777 quemadmodum
1337 709 1394 764 haec

235 729 516 847 figmontadefendant.
535 775 588 828 Nos
596 776 651 844 (qur
663 775 725 827 nihil
739 777 885 845 probamus,
898 777 949 828 nisi
958 776 1026 845 qaod
1039 777 1248 829 ecclesiasticum
1260 786 1308 840 est,
1320 779 1393 847 qaod·

236 863 286 916 que
298 847 427 915 conspiret
439 861 585 913 germanae,
599 854 624 896 et
636 845 693 914 ipso
706 861 768 896 aevo
781 852 904 913 pronatae
917 843 1090 914 propheticae,
1102 846 1314 925 apostolicaeque
1326 864 1393 916 pare-

235 915 318 982 turae)
331 915 461 966 mnlamas
478 914 593 965 dubitare
610 912 640 963 cle
653 913 768 975 occultis,
786 929 864 992 qaam
880 914 981 981 litigare
994 913 1025 965 do
1038 914 1150 977 incertis,
1166 915 1262 967 melias
1279 914 1393 967 ducentes

236 985 261 1036 in
276 983 426 1035 inscientiae
442 982 538 1033 finibus
555 981 830 1049 atqae⁸ignorant1ee
847 997 1005 1049 permanere,
1022 982 1225 1051 simpliciterque
1242 983 1394 1053 imperitiam

234 1052 359 1114 confiteri,
372 1049 583 1119 quamineradita
592 1050 744 1111 temeritate,
756 1050 811 1101 sine
819 1050 961 1101 divinarum
974 1050 1127 1119 scripturam
1140 1051 1303 1115 auctoritate,
1315 1068 1393 1133 nugas

236 1120 317 1171 aniles
335 1126 360 1170 et
376 1121 494 1170 l'alrulosa
507 1118 623 1185 genitium
637 1117 760 1185 dogmata
777 1119 827 1170 suh
839 1119 944 1170 nomino
957 1117 1101 1171 Christiano
1117 1119 1145 1170 in
1157 1119 1297 1172 ecclesiam
1309 1120 1349 1172 dei
1360 1137 1394 1173 ιιι-

235 1188 377 1240 trodacere.
404 1187 577 1238 Tertullianus
589 1186 620 1237 de
632 1187 720 1237 anlraa
731 1203 754 1237 c.
766 1185 784 1236 l.
798 1192 823 1237 et
834 1186 865 1238 ΙΙ.
883 1187 1056 1253 Hieronymus
1069 1186 1100 1238 ad
1112 1186 1251 1239 IIedibiam
1263 1204 1277 1239 e
1287 1189 1337 1242 >isc
1350 1188 1393 1241 cl..

236 1262 334 1335 quaest.
347 1256 381 1309 X.
395 1255 437 1307 iol.
450 1256 508 1306 tn).
538 1255 699 1322 Augustinus
717 1254 749 1305 ad
767 1253 890 1323 Optatam
903 1255 976 1323 epist.
991 1253 1087 1308 calu.
1099 1254 1131 1307 de
1144 1256 1242 1309 Genesi
1253 1206 1287 1309 ad
1299 1257 1393 1310 literam

236 1325 280 1376 hb.
293 1324 359 1377 l'lll.
373 1340 404 1374 ca
415 1343 429 1373 ι.
442 1324 472 1375 V.

287 1395 323 1444 Ga
343 1433 348 1444 .
361 1391 483 1444 nxllx.
494 1422 526 1430 —
544 1391 606 1442 Post
617 1391 795 1442 ascensionem
807 1391 904 1443 domini
916 1391 948 1442 ad
958 1392 1043 1444 caelos
1053 1391 1170 1443 omniurn
1180 1397 1333 1446 sanctorum
1343 1394 1394 1447 ani·

237 1477 295 1513 mae
308 1410 340 1512 ad
353 1458 482 1512 Christum
496 1459 605 1524 radant]
622 1458 735 1511 lsidorus
746 1458 891 1527 llispalens
903 1466 1013 1511 sentent.
1024 1459 1069 1513 lib.
1080 1459 1100 1513 l.
1112 1476 1168 1530 cap.
1181 1460 1252 1513 xlv,
1269 1461 1395 1515 Sanctior

237 1538 344 1597 ternpore
357 1532 549 1580 resrerrectionia
562 1528 658 1578 carini
674 1531 758 1578 atatim
776 1538 803 1577 ut
815 1530 845 1577 de
859 1546 967 1596 corpore
979 1537 1073 1590 ereunt,
1087 1546 1143 1578 rnor
1159 1531 1197 1581 ad
1208 1530 1340 1581 caelestem
1352 1530 1393 1581 da·

237 1598 380 1648 litationem
395 1598 540 1657 (escendunt,
559 1598 625 1664 qerod
641 1599 751 1664 crrrliquia
764 1597 884 1663 patribus
901 1614 947 1647 eran
961 1596 1080 1650 clericatur.
1110 1596 1179 1648 Nam
1193 1607 1253 1649 arcte
1266 1600 1394 1650 adrentum

236 1668 382 1728 calcatoria,
395 1668 508 1729 quinaria
513 1668 567 1714 aiere
571 1684 652 1731 pirrenu
660 1666 787 1732 supplicii,
802 1673 884 1714 trrrnen
897 1682 944 1715 reon
956 1668 983 1714 in
996 1666 1075 1728 caelu,
1088 1666 1133 1716 sed
1145 1669 1170 1715 c'rr
1182 1669 1285 1733 inferno
1297 1678 1393 1719 sancto·

236 1753 291 1784 rum
309 1737 410 1784 atrimae
428 1733 587 1794 tenebantur,
615 1752 652 1783 no
669 1733 756 1799 quihus
772 1732 929 1783 erlinolcmndia
946 1734 1060 1783 dominun
1077 1736 1103 1783 iu
1119 1737 1244 1801 nutricum
1263 1736 1394 1789 descendit.

238 1801 378 1870 Gregorius
391 1801 510 1853 Nazianz.
524 1807 587 1852 orat.
600 1751 701 1851 iunebri
713 1801 738 1851 in
752 1799 853 1851 laudem
867 1800 980 1852 Caesarii
991 1800 1076 1852 fratris
1088 1801 1133 1853 lol.
1148 1800 1203 1855 173.
1226 1801 1345 1881 Πείθομαι
1356 1821 1394 1854 σο-

238 1872 289 1937 ρῶν
307 1867 390 1937 λόγοις
408 1866 444 1919 ln
461 1867 527 1936 ψυγί,
545 1870 612 1919 πῦσα
629 1868 692 1933 καλή
705 1886 730 1918 τε
747 1866 786 1917 καί
804 1867 928 1935 θεοφιλὴς,
941 1865 1035 1919 ἐπειδὰν
1052 1873 1095 1919 τοῦ
1108 1869 1282 1939 συνδεδεμένου
1300 1872 1394 1923 talasa

238 1937 352 2005 σώματος
365 1934 456 1987 ἐνθένδε
469 1930 601 2005 ἀπαλλαγῇ
634 1935 702 1995 εὐθὺς
720 1934 762 2005 μὲν
775 1933 798 1986 έν
816 1937 968 2001 συναισθήσει
980 1935 1020 1987 καλ,
1033 1936 1122 2005 θεωρία
1138 1942 1182 1988 τοῦ
1195 1938 1311 2005 μένοντος
1325 1938 1393 2005 αὐτὴν

237 2005 315 2057 καλοῦ
333 2005 463 2074 γενομένη,
486 2003 526 2055 ἅτε
544 2010 587 2055 τοῦ
605 1977 789 2063 ίπισκοτοῦντος
810 1999 1015 2073 ἀνακαθαρθέντος
1032 2006 1048 2069 ἢ
1066 2001 1235 2071 ἀποτεθέντος,
1256 2006 1272 2071 ἦ
1290 2006 1334 2057 οῦκ
1350 2002 1393 2059 οἶδ’

237 2072 259 2140 θ,
267 2092 288 2124 τι
301 2073 340 2124 καλ
346 2073 423 2142 λέγειν
431 2071 488 2142 pai„
502 2073 635 2141 θαυμασίαν
649 2071 700 2123 τινα
711 2071 800 2137 ἣδονὴν
812 2071 902 2140 ἥδεται,
915 2072 955 2123 καλ
965 2070 1104 2142 ἀγάλλεται,
1117 2072 1157 2124 καί
1163 2072 1238 2133 ἵλεως
1247 2079 1327 2145 χωρεῖ
1337 2076 1393 2145 προς

237 2141 278 2192 rhu
291 2140 375 2208 ἑαυτῆς
388 2135 516 2205 δεσπότην,
524 2141 602 2210 ὥςπερ
616 2159 637 2191 τι
650 2141 814 2209 δεσμωτήριον
827 2139 937 2209 χαλεπὸν
948 2139 988 2191 rhu
1001 2138 1103 2192 ἐνταῦθα
1113 2140 1164 2209 βίον
1174 2139 1346 2212 ἀποφυγοῦσα,
1358 2144 1394 2195 καλ

237 2210 278 2270 τὰς
300 2210 461 2279 περικειμένας
483 2208 659 2278 ἀποσεισαμένη
682 2210 768 2273 πέδας,
789 2206 828 2289 ὑρ’
851 2201 884 2258 ὤν
901 2208 930 2259 το
949 2213 991 2275 τῆς
1012 2209 1117 2269 διανοίας
1138 2210 1226 2261 πτεσον
1249 2210 1393 2263 astensem.

237 2279 282 2329 Καὶ
300 2272 350 2329 οἷον
367 2277 413 2344 ἤδη
431 2277 592 2346 τῆραντασία
605 2282 740 2345 καρποῦται
752 2276 795 2342 τὴν
808 2277 965 2345 αποκειμένην
983 2279 1158 2347 μακαριότητα.
1181 2260 1277 2348 θίικρον
1294 2279 1317 2331 δ’
1329 2280 1393 2331 'ists-

238 2366 279 2433 ρον
292 2346 331 2397 καὶ
344 2346 371 2397 rh
385 2336 497 2415 συγγενίς
511 2347 610 2414 σαρκίον
629 2343 790 2412 ἀπολαβοῦσα
807 2338 860 2395 ὦτα
878 2344 966 2396 ἐκεῖθεν
983 2345 1205 2432 συνεριλοσῦρησε,
1220 2347 1289 2417 παρὰ
1305 2352 1346 2415 τῆς
1358 2348 1394 2399 καλ

238 2416 326 2479 οοῦσης
343 2414 383 2464 καλ.
399 2413 560 2478 πιστευθείσης
577 2418 634 2500 γῆς,
651 2415 742 2482 τρόπον
760 2412 787 2464 δν
804 2406 863 2464 εἶδεν
882 2410 895 2464 θ
912 2418 989 2464 ταῦτα
1001 2414 1133 2482 συνοησας,
1151 2414 1191 2466 καλ
1206 2414 1324 2477 διαλύσας
1336 2416 1394 2479 θεδς,

237 2484 317 2534 τοῦτω
330 2482 525 2552 συγκληρονομεῖ
541 2486 582 2546 τῆς
600 2482 686 2533 saecla
706 2482 785 2547 δόξης.
814 2480 859 2531 lial
872 2479 979 2551 καθάπερ
992 2484 1041 2533 τῶν
1054 2501 1095 2551 μο·
1108 2482 1188 2551 θηρῶν
1207 2483 1284 2537 αὐτοῦ
1296 2485 1394 2555 μετέσγε

238 2550 276 2602 διὰ
289 2538 331 2616 τὴν
344 2547 474 2620 συμρυίαν,
487 2550 553 2600 οὕτω
566 2550 605 2600 καί
617 2554 666 2600 τῶν
679 2552 786 2619 τερπνῶν
799 2548 883 2614 ἑαυτῆς
897 2550 1070 2657 μεταδίδωσιν,
1088 2502 1147 2602 θλον
1159 2549 1190 2611 εἰς
1203 2550 1290 2619 ἑαυτὴν
1302 2546 1394 2605 ἀναλῦ-

237 2638 310 2685 σασα,
324 2619 362 2670 καλ
375 2619 491 2688 γενομένη
504 2620 548 2669 σὺν
560 2619 641 2687 τούτῳ
653 2618 677 2669 ἓν
690 2618 730 2669 καὶ
748 2622 854 2686 πνεῦμα,
872 2637 911 2669 κα.
928 2624 996 2686 νοῦς,
1015 2618 1054 2670 καλ
1071 2618 1135 2685 θέος,
1153 2620 1334 2683 καταποθέντος
1349 2621 1393 2673 ὑπὸ

237 2692 278 2754 τῆς
291 2691 355 2753 ζωῆς
368 2692 411 2738 τοῦ
425 2689 511 2752 θνητοῦ
524 2704 549 2738 τε
561 2686 601 2737 καλ
613 2685 717 2756 ῥέοντος.
757 2687 783 2738 ld
797 2692 848 2739 est:
864 2690 1011 2756 ›S'rrpienturn
1027 2689 1109 2739 eerhia
1120 2690 1237 2741 adducor
1248 2700 1277 2741 ut
1287 2692 1394 2753 credam,

232 2756 369 2826 pulchram
382 2776 473 2808 ornnem
487 2760 597 2807 animum
611 2765 634 2806 ct
643 2758 687 2807 deo
698 2756 812 2818 charam,
820 2766 984 2825 pcrateaquam
995 2762 1110 2824 corporis
1119 2760 1327 2823 cinculiaaolutu,
1339 2759 1394 2811 leina

238 2830 378 2887 excesserit,
387 2830 506 2894 protinus
519 2826 613 2887 brienum,
630 2827 695 2892 quecui
710 2842 765 2875 earn
777 2834 868 2887 enarret,
880 2829 1071 2894 persentientem
1084 2836 1109 2877 et
1124 2828 1338 2895 contemplantem,
1349 2836 1395 2895 qul·

233 2904 294 2962 pole
307 2912 342 2956 eo,
360 2896 426 2962 qnod
438 2894 553 2945 tenchrae
565 2895 716 2961 offurudelura
734 2895 774 2943 ¹rel
780 2903 900 2961 purpura,
915 2895 955 2945 ccl
966 2894 1084 2961 elepcrsito,
1103 2896 1147 2956 cel,
1165 2914 1212 2963 quo
1228 2896 1303 2947 rerba
1314 2914 1344 2949 ea
1357 2914 1395 2947 rer

238 2964 394 3031 appellanda
406 2966 441 3013 ait
452 2966 545 3026 creneio)
559 2963 672 3013 nu'raln'li
683 2964 792 3029 quadam
802 2964 929 3031 coluptate
941 2964 1014 3029 affici
1022 2963 1176 3025 etan-ultore,
1189 2972 1264 3033 atque
1276 2964 1327 3017 dccc
1337 2970 1394 3025 rita,

238 3039 356 3098 turrquam
368 3035 446 3098 praei
457 3033 562 3099 pecodum
574 3032 701 3097 eryecatnlo
711 3031 853 3093 liberatam,
864 3031 1067 3098 compedibusque
1075 3031 1135 3093 illis,
1145 3032 1233 3099 quibua
1242 3038 1331 3085 mereim
1339 3036 1395 3087 alas

238 3100 443 3167 deprirnehuntur
455 3101 569 3160 solutam,
587 3118 682 3150 acerruma
700 3118 753 3149 crem
767 3098 899 3150 hilaritate
915 3100 952 3149 ud
963 3101 1084 3151 dominum
1097 3118 1166 3150 sunm
1178 3102 1295 3165 teredere,
1311 3122 1343 3155 ac
1358 3120 1394 3153 re·

238 3170 363 3218 conditam
374 3168 550 3218 beatitudinem
560 3171 609 3218 inm
621 3170 687 3218 celat
691 3186 740 3235 per
749 3171 881 3234 inraqinen
892 3175 916 3217 et
923 3168 1085 3219 airnulaornra
1095 3172 1245 3237 percipere.-
1251 3180 1312 3239 μοστ
1322 3174 1394 3222 etiam

238 3237 380 3305 aliquanto,
393 3254 447 3285 crnn
461 3245 592 3303 errarratam
607 3254 709 3287 carerem
722 3256 738 3286 a
752 3246 821 3288 terra
834 3254 898 3304 quae
910 3244 934 3286 et
945 3237 1062 3298 dederat,
1080 3244 1104 3286 et
1120 3240 1147 3287 in
1162 3239 1236 3295 tidem
1252 3248 1394 3309 acceperat,

237 3308 369 3373 receperit,
381 3306 459 3372 (qecod
469 3307 586 3372 qcrrnnado
593 3307 640 3371 fiet
651 3308 673 3355 ia
685 3308 759 3365 norit,
772 3308 815 3372 qui
826 3322 856 3355 ea
870 3308 934 3355 inter
945 3322 971 3355 ae
983 3308 1114 3355 coniunxit
1124 3313 1199 3373 alque
1211 3308 1336 3373 dissoluit)
1348 3318 1395 3359 mm

238 3376 331 3425 demum
345 3391 399 3424 eam
412 3389 504 3441 quaque
516 3374 553 3423 nd
563 3374 662 3439 alariae
674 3375 790 3424 caelestia
802 3371 982 3424 haereditatem
995 3390 1075 3423 secum
1089 3374 1267 3437 adunaturam,
1284 3386 1308 3427 et
1318 3394 1395 3445 quern·

238 3444 369 3494 cedmodum
382 3441 411 3492 ob
422 3450 529 3491 naturae
539 3444 736 3492 coniunctionem
749 3459 925 3492 aerumnarum
935 3445 1015 3509 ipsius
1022 3445 1157 3511 particeps
1163 3446 1264 3510 suerat,
1275 3448 1395 3497 nicetium

236 3513 407 3562 iucunditatee
422 3528 483 3561 suaa
500 3528 553 3559 cum
572 3513 628 3577 ι’μιιο
641 3514 894 3571 connnnnicaturam,
910 3518 985 3561 toturn
1001 3512 1120 3561 uidelicet
1134 3528 1226 3579 corpus
1241 3515 1268 3563 in
1280 3532 1308 3565 se
1318 3518 1395 3583 ι’ροιιια

238 3580 411 3640 cebennarum,
425 3587 448 3629 et
459 3596 513 3629 cum
526 3596 553 3629 eo
563 3596 634 3627 ιιιιιιιιι
648 3581 769 3646 effectum,
783 3587 807 3629 et
817 3582 933 3647 spiritura
945 3586 970 3628 et
980 3586 1089 3640 mentem,
1102 3588 1126 3629 et
1137 3581 1216 3642 daura,
1228 3581 1348 3651 absorpto
1360 3586 1395 3633 ni·

237 3653 325 3699 mirum
339 3668 356 3698 a
368 3652 421 3700 cita
434 3666 469 3709 eo,
482 3648 546 3714 qnod
558 3648 663 3697 mortale
675 3658 699 3698 et
710 3649 833 3697 caducum
845 3656 909 3698 erut.
938 3646 1019 3698 Valde
1034 3646 1158 3715 frigidum
1170 3654 1197 3699 et
1212 3647 1335 3703 frivolam
1349 3656 1394 3714 esi,

255 3717 305 3768 aod
319 3716 460 3783 Gregorius
473 3717 585 3783 Magnus
599 3714 693 3779 dialog.
706 3716 750 3767 lib.
762 3714 805 3767 lv.
818 3714 964 3769 eaxan
972 3714 1044 3766 Beda
1055 3714 1191 3769 tora.Vlll.
1202 3716 1230 3770 in
1240 3717 1286 3771 lib.
1317 3724 1395 3772 naesl.

237 3733 282 3838 iol.
296 3785 353 3836 40⁴2.
367 3802 418 3837 non
432 3785 552 3836 omnihus
564 3784 652 3847 iustis,
665 3783 711 3835 secl
722 3787 837 3852 perfecte
848 3787 920 3835 iustis
933 3783 981 3835 hoc
993 3783 1150 3836 beneficiam
1161 3785 1289 3839 tributum
1299 3736 1394 3842 dicant.

238 3853 301 3915 Quis
311 3853 379 3905 enim
389 3855 482 3921 poterit
494 3853 606 3922 perlecto
618 3853 701 3904 iustas
714 3869 770 3904 esse
782 3852 809 3904 in
820 3850 869 3904 hac
881 3852 1043 3915 mortalitate,
1056 3853 1099 3904 abi
1110 3872 1173 3905 caro
1184 3859 1342 3924 concupiscit
1351 3856 1396 3909 ad·

237 3939 324 3971 neruus
335 3926 459 4001 spiritum,
472 3926 578 3990 spiritua
590 3932 670 3973 autern
684 3924 806 3973 aduersus
817 3940 928 3974 carnem.
947 3921 1079 3973 Macarius
1089 3918 1177 3974 homil.
1189 3920 1329 4043 Vlll.pag.
1342 3922 1395 3977 106.

237 3990 376 4057 Angustia.
389 3989 419 4041 de
450 3998 595 4041 eccatoram
607 3990 706 4041 meritis
723 3995 747 4040 ct
758 3989 909 4041 remissione
927 3995 1016 4041 contra
1026 3989 1182 4055 Pelagianos
1193 3990 1237 4043 lib.
1250 3989 1261 4042 l
1274 4031 1281 4043 .
1294 4008 1317 4044 c.
1328 3990 1395 4045 Xlll.

238 4057 334 4110 Gorrtra
346 4008 482 4126 epistoiinm
493 4057 657 4110 l'anneniani
670 4059 713 4111 lib.
727 4057 757 4109 ll.
770 4074 825 4126 cap.
837 4058 891 4110 Vll.
918 4058 1065 4110 Lactantius
1078 4058 1121 4111 lib.
1133 4058 1176 4113 vl.
1188 4075 1246 4129 cap.
1258 4060 1317 4113 XV.
1338 4060 1395 4115 llio·

238 4143 338 4194 ronym.
351 4127 378 4177 in
391 4126 484 4177 Psalm.
498 4125 586 4178 cxlv.
600 4128 643 4179 fol.
660 4127 713 4179 loo.
743 4127 776 4177 In.
789 4131 922 4195 prrreserdi
936 4128 1019 4178 seculo
1032 4132 1163 4196 perfectus
1174 4130 1254 4179 iustus
1265 4148 1335 4183 uerso
1346 4146 1395 4183 me

234 4203 323 4263 potest,
337 4212 411 4261 rreqne
424 4195 521 4255 llarre'd,
535 4214 609 4262 rreqne
623 4197 737 4262 apostoli,
751 4213 827 4262 neque
838 4197 932 4264 alr'quia
942 4204 1094 4247 sanctorum.

288 4262 454 4314 l'eccatoram
464 4263 565 4314 animae
577 4264 603 4314 in
615 4263 727 4329 inferno]
744 4264 868 4315 Fabulam
882 4263 1091 4333 πυρκαθαρτηρίου
1101 4279 1179 4333 qaam
1188 4258 1322 4335 sophistae
1330 4282 1395 4319 caro·

238 4330 309 4383 hrosi
327 4332 417 4383 acriter
429 4333 456 4383 in
472 4332 527 4382 sais
539 4332 640 4399 scriptis
657 4339 757 4399 argent,
777 4330 827 4384 hoe
844 4332 899 4384 loco
920 4333 1026 4385 ornaino
1044 4334 1136 4385 evertit
1158 4332 1317 4401 Gennadius,
1333 4334 1395 4389 duas

239 4398 365 4451 duntaxat
378 4399 549 4451 habitationes
562 4400 645 4466 (omni
656 4400 741 4451 aredio
754 4408 778 4451 et
790 4400 864 4453 tertio
876 4401 933 4453 loco
946 4401 1065 4466 excluso)
1076 4417 1205 4467 asserens,
1220 4402 1254 4456 ad
1282 4418 1331 4457 aas
1342 4404 1395 4457 ani·

239 4470 453 4537 maecorporibus
464 4466 582 4520 hamanis
593 4474 694 4532 exutae,
703 4469 932 4537 migrant,caelam
941 4470 1063 4523 nimirum
1072 4477 1098 4523 et
1106 4470 1244 4527 adernam.
1262 4420 1395 4527 Gennadio

292 4619 311 4671 ⁸)
325 4620 402 4664 uenas
415 4628 448 4665 ort
461 4622 518 4664 enim
531 4623 616 4664 nescim
630 4634 693 4674 quarn
707 4633 787 4666 errare.
812 4624 924 4677 amman
939 4625 964 4669 la
976 4625 1050 4667 lehun
1063 4628 1126 4667 treet
1139 4624 1170 4667 n.
