3046 5124
269 331 310 397 50
770 330 919 372 eumaeum

267 488 422 572 principia
437 486 576 551 adseram
587 490 764 551 coaeterne:
781 489 932 570 egoenim
943 507 1040 552 unum
1051 490 1243 574 principium
1254 509 1332 555 esse
1344 512 1436 577 prae·

270 589 348 672 dico,
363 589 473 674 ³quem
484 589 574 655 deum
586 610 748 673 cognosco,
760 593 813 674 qui
826 591 900 655 deus
911 591 986 656 fecit
997 590 1134 673 angelos,
1148 592 1224 657 feeit
1236 594 1346 659 etiam
1356 593 1436 661 alte·

268 712 334 757 ram
348 694 504 775 virtutem,
517 692 629 777 ⁴quem
644 692 736 758 deum
751 696 815 758 scio
831 714 899 757 esse
914 694 1121 775 seeundum,
1141 698 1194 779 qui
1209 700 1244 759 et
1258 698 1373 763 virtus
1387 697 1436 765 dei

268 801 324 878 est,
340 815 417 879 quae
431 798 505 861 fecit
523 795 700 860 mundum.
729 795 788 860 Hie
805 802 909 860 eutem
926 796 1012 878 deus,
1028 799 1081 880 qui
1091 798 1166 862 fecit
1179 798 1359 884 mundum,
1372 820 1435 869 non

267 905 325 981 est,
339 900 451 984 inquit,
465 898 584 979 bonne,
598 903 635 962 ut
648 897 700 962 ille
715 900 769 982 qui
783 898 857 963 lecit
870 898 972 963 illum:
988 898 1146 964 subiectus
1161 899 1291 967 ⁶autem
1304 909 1363 969 est
1377 903 1433 970 deo

265 1001 311 1067 illi
331 1023 350 1066 a
369 1022 429 1085 quo
448 1008 481 1065 et
500 1001 600 1067 sectus
620 1008 670 1064 est
683 1003 758 1081 iste,
779 1003 830 1084 qui
846 1007 878 1064 et
891 1004 982 1066 nutui
1001 1009 1033 1066 et
1053 1004 1184 1068 iussioni
1198 1008 1232 1067 et
1245 1009 1433 1092 praeceptis

264 1110 352 1190 paret
366 1104 450 1168 illius
466 1106 498 1167 in
515 1102 657 1168 omnibus
667 1102 689 1163 ¹¹.
714 1103 807 1167 Cuius
823 1104 930 1167 Ariani
946 1125 1028 1169 nune
1044 1110 1220 1171 consortese
1235 1113 1319 1175 suut
1334 1115 1432 1194 atque

263 1208 415 1289 fautores,
430 1209 475 1271 sie
490 1204 705 1291 praedicantes
720 1212 812 1289 etque
827 1209 1006 1270 sentientes,
1039 1207 1124 1272 Dicit
1137 1213 1245 1273 autem
1260 1209 1430 1278 Christum

262 1314 296 1375 in
311 1331 405 1376 cerne
420 1307 634 1393 apparuisse‘,
654 1329 718 1373 non
732 1314 849 1391 tamen,
868 1311 950 1373 sicut
963 1309 1147 1375 Valentinus
1154 1321 1178 1393 Β,
1193 1311 1232 1375 de
1248 1312 1344 1380 caelo
1361 1336 1431 1383 car·

262 1434 336 1479 nem
351 1412 589 1497 'desumpsisse
622 1411 678 1475 Ait
697 1413 791 1476 etium
811 1418 883 1496 post
896 1415 1075 1497 passionem
1093 1435 1157 1480 non
1172 1434 1305 1481 carnem
1321 1437 1430 1485 surre-

262 1516 379 1596 xissel,
395 1513 451 1579 sed
466 1513 504 1579 de
519 1518 649 1599 quatuor
663 1513 836 1596 elementis,
851 1514 896 1578 ⁸id
911 1521 959 1579 est
973 1515 1011 1581 de
1026 1518 1108 1582 sicco
1123 1528 1152 1581 et
1166 1516 1310 1603 lemae,
1325 1504 1430 1589 calido

262 1625 294 1682 et
314 1617 424 1701 frigido
445 1618 601 1702 accepisse
617 1616 774 1681 Christum
787 1623 820 1680 et
833 1618 866 1681 in
881 1620 1105 1684 resurrectione
1118 1621 1233 1684 iterum
1242 1621 1430 1695 reddidisse

263 1720 424 1785 elementis
452 1739 530 1803 quae
552 1718 590 1783 de
613 1719 728 1784 mundo
747 1727 923 1804 acceperat,
951 1741 1048 1806 euque
1065 1723 1098 1786 in
1116 1726 1232 1787 terram
1249 1723 1431 1809 dimisisse,

260 1827 365 1909 ipsum
375 1823 541 1887 ⁹autemin
556 1821 675 1886 caelum
690 1824 757 1886 sine
773 1843 865 1887 carne
880 1823 1058 1889 ascendisse
1073 1826 1193 1890 asserit.
1216 1824 1287 1894 Sub
1295 1835 1430 1916 aposto·

261 1925 313 1992 lis¹
327 1928 430 2011 iisque
444 1925 503 1991 hae
520 1925 645 1990 luerunt
657 1924 802 1990 haereses
817 1925 842 1964 ¹⁰
846 1946 903 2010 per
918 1926 1066 1992 ordinem.

327 2096 351 2150 3.
364 2095 466 2168 quodb.
500 2092 524 2146 4.
555 2110 616 2147 uem
629 2094 650 2146 b.
679 2093 702 2147 5.
715 2093 840 2148 mundum
852 2096 885 2148 A.
898 2095 972 2149 illum
983 2097 1079 2164 reliqui
1103 2097 1254 2150 veternosis
1267 2098 1430 2158 Bodincus-

261 2176 325 2218 otum
337 2175 374 2218 eet
383 2165 436 2218 scio
449 2180 513 2216 esse.
537 2109 685 2216 docendum
697 2173 752 2215 cett.
776 2162 799 2214 6.
812 2169 857 2216 aut
873 2183 894 2215 e.
918 2164 942 2216 7.
955 2164 1149 2245 deposuissent.
1177 2163 1201 2218 8.
1214 2165 1240 2219 id
1252 2174 1297 2222 est
1309 2170 1345 2224 de
1357 2173 1429 2228 sicco

259 2241 286 2288 et
296 2233 409 2296 humido,
426 2233 508 2285 calido
520 2237 546 2284 et
556 2231 649 2300 frigido
662 2231 792 2302 accepisse
804 2231 934 2289 Christum
945 2239 972 2285 et
982 2249 1010 2286 nr
1021 2234 1207 2287 resurrectione
1222 2235 1325 2292 iterum
1341 2242 1430 2297 reddi-

259 2305 326 2357 disse
339 2302 471 2356 elementis
483 2319 534 2368 epo.
543 2300 570 2352 id
579 2305 618 2351 est
629 2300 660 2351 de
672 2300 748 2364 sicco,
760 2300 974 2370 calidoetfrigido
984 2316 1044 2354 acce
1062 2303 1113 2355 isse
1120 2300 1251 2357 Christum
1261 2311 1292 2358 et
1300 2308 1331 2361 in
1341 2324 1429 2365 mm·

258 2372 371 2425 rectione
387 2371 481 2422 iterum
496 2368 635 2421 reddidisse
652 2369 902 2422 clementissmo
917 2375 944 2421 ui
959 2388 991 2422 ea
1002 2319 1080 2422 verda
1092 2389 1140 2422 non
1151 2371 1251 2424 tabent.
1297 2375 1324 2429 9.
1337 2385 1430 2433 sum

259 2459 304 2493 om.
317 2440 399 2491 Bate.
428 2437 466 2490 10.
478 2437 539 2489 Post
549 2437 627 2488 treta
642 2452 688 2505 per
704 2436 819 2490 ordinem
835 2442 862 2489 in
873 2388 924 2504 (sd)
934 2438 1000 2491 Bab.
1011 2443 1145 2509 inscriptio
1157 2444 1240 2492 nescio
1256 2461 1297 2495 an
1312 2448 1429 2501 autom

255 2514 310 2578 puio
323 2511 409 2577 potius
425 2508 535 2559 dicenda
551 2506 643 2571 lepino
659 2505 736 2556 daeo.-
758 2504 914 2560 Osrsnoevs
937 2524 1092 2571 numenoio
1112 2525 1181 2568 ossa
1201 2525 1250 2563 svn
1273 2528 1428 2572 suessos„

259 2591 429 2640 sxrrrasvnr,
441 2591 504 2644 quae
515 2574 594 2625 verba
606 2572 743 2625 Fabricius
754 2579 878 2642 expunxit.

259 2754 326 2803 recte
335 2765 390 2869 pro
407 2748 504 2808 dicere,
526 2742 594 2812 quod
611 2750 666 2796 erat
682 2743 710 2796 in
728 2743 810 2808 editis,
863 2754 950 2798 contra
961 2747 1018 2799 toni
1027 2751 1156 2817 principii
1162 2750 1328 2819 voluntatens,
1337 2759 1428 2813 inm

260 2833 334 2870 emen
352 2816 404 2869 erit
416 2812 557 2867 cotelerius
569 2811 598 2866 T.
612 2812 634 2863 1.
650 2813 809 2866 Monument
861 2816 1020 2882 maliqnitate
1031 2818 1242 2885 mendemsecitl’
1279 2822 1343 2889 (F.)

259 2904 284 2958 p.
295 2885 353 2940 772.
387 2883 431 2948 (F.
911 2899 932 2935 e.
950 2883 1039 2937 Ariani
1055 2900 1124 2937 nuuc
1139 2888 1284 2956 consortes]
1303 2890 1426 2951 Tantum

258 2949 809 3077 ffc‘hquelpt,enlllcsgf03380⁸1⁰⁰undffl
860 2951 886 3003 in
912 2967 942 3004 eo
965 2968 1023 3004 cum
1040 2953 1128 3022 Apelle
1148 2954 1301 3010 sentiebant
1319 2960 1426 3029 Arlane,

279 3041 302 3077 rc
330 3036 482 3076 suerrum
513 3036 527 3071 ο
619 3035 632 3069 s
674 3035 728 3071 oeo

258 3093 387 3146 habebant
403 3088 475 3141 editi:
494 3104 577 3154 ,pem
593 3035 664 3137 deod
679 3090 731 3138 scio
741 3035 806 3140 qesse.
858 3088 1425 3173 introducerentincaeterrsomnibuslonge

257 3162 396 3213 Secundum
442 3158 585 3207 tetvirtus
597 3156 639 3206 dei
650 3164 759 3223 estpuae
782 3175 806 3208 e·
857 3157 891 3209 ab
902 3158 971 3210 illius
984 3157 1084 3211 haeresi
1095 3159 1181 3212 alieni.
1214 3158 1273 3225 (F.)

259 3227 395 3282 citillum.’'
425 3224 482 3277 dem
495 3223 526 3275 de
536 3223 626 3291 Apelle
637 3222 740 3276 tradunt
768 3225 806 3294 pi·
906 3225 925 3278 f.
944 3226 970 3278 in
983 3242 1059 3278 earne
1075 3227 1237 3297 apparuisse]
1256 3228 1347 3293 Quam
1365 3254 1423 3293 noa

257 3290 737 3367 planiusetnamaseenusfleeresim.
754 3293 806 3345 Au·
855 3310 901 3364 per
921 3295 1082 3347 nativitatem
1103 3311 1137 3348 ex
1152 3300 1247 3360 matre,
1268 3313 1368 3356 verum
1385 3322 1422 3360 01

294 3365 377 3418 somus
394 3362 525 3415 etAuctor
536 3359 719 3413 Praedestinati
730 3377 751 3413 o.
764 3360 804 3413 m.
856 3363 1108 3430 quatuorelementis
1119 3369 1253 3419 mutuatus
1260 3366 1316 3422 sibi
1328 3387 1346 3423 a
1365 3379 1421 3428 tas-

269 3453 292 3487 o.
304 3433 420 3487 Zonaras
432 3445 447 3481 a
465 3428 500 3481 ud
511 3426 618 3480 Coteler.
636 3428 664 3480 Τ.
677 3427 701 3481 3.
712 3429 804 3481 Monu·
855 3437 902 3483 set
924 3431 988 3485 Vide
999 3432 1187 3485 Tertullianum
1198 3433 1230 3485 de
1240 3432 1330 3490 Garris
1341 3389 1421 3497 ΒΜ.

257 3507 336 3555 ment.
347 3497 436 3570 pergat
452 3497 477 3549 0.
502 3495 558 3562 ,ive
574 3512 599 3547 τε
616 3495 668 3548 θεὸν
686 3493 804 3567 ὁμολογέῖ
854 3499 889 3551 sti
901 3516 922 3551 c.
934 3498 958 3550 6.
971 3504 997 3551 et
1008 3506 1098 3553 contra
1108 3501 1266 3556 Mardonem
1278 3502 1327 3559 ΠΙ.
1339 3525 1365 3561 c.
1377 3510 1419 3565 11.

257 3569 394 3635 ἀνώτατον,
410 3565 452 3617 τὀν
469 3564 509 3616 ἕνα
521 3562 548 3616 δὲ
559 3563 638 3633 ἕτερον
650 3565 803 3630 πεποιηκέναι
854 3567 924 3620 Idem
943 3567 1116 3622 Tertullianus
1136 3568 1201 3622 haee
1219 3571 1323 3640 Apellis
1343 3592 1420 3633 eom.

257 3634 322 3698 αὖθίς
335 3635 478 3706 φησιν”οῒα
512 3633 566 3698 (F.)
853 3642 942 3689 menta
975 3637 1074 3690 luribus
1091 3645 1288 3709 oppugnauerat
1303 3642 1335 3698 in
1345 3645 1418 3701 libro

290 3707 313 3759 d.
324 3703 466 3777 praeceptis
493 3701 622 3755 aretillius
633 3701 661 3754 in
671 3702 801 3769 omnibus]
853 3709 942 3756 contra
952 3653 1125 3774 dpelleianos,
1136 3723 1213 3776 quem
1222 3706 1418 3771 desideramus,

254 3776 408 3831 Hoecontra
415 3773 469 3843 Ape
490 3772 495 3783 ”
517 3775 630 3823 mentem
638 3769 752 3823 additum
763 3776 804 3823 est
852 3772 958 3838 (Febr.)

255 3861 272 3896 a
290 3842 433 3896 Philastrio.
466 3838 532 3892 Nam
555 3838 651 3909 Apellis
675 3839 802 3891 sententie
885 3857 912 3960 p
921 3842 1155 3911 sicutValentinns]
1168 3843 1253 3914 Supra
1264 3846 1339 3902 e38.
1352 3852 1417 3921 (F.)

255 3913 303 3966 fuit
319 3911 465 3965 inferiorem
484 3909 571 3971 deum,
589 3923 665 3976 quem
684 3923 802 3959 summus
904 3948 910 3961 .
927 3916 987 3979 post
1001 3912 1148 3981 passionem
1163 3929 1216 3967 non
1231 3928 1415 3976 memsuis.

254 3983 297 4035 ille
312 3980 479 4052 produxerat,
501 3978 535 4029 ab
552 3974 666 4028 eiusdem
686 3976 802 4028 bonitate
851 3978 960 4044 rexisse]
973 3979 1070 4032 Statuit
1076 3982 1180 4050 Apelles
1191 3996 1296 4037 carnem
1309 3987 1415 4046 achi-i-

272 4067 299 4103 er
310 4048 495 4130 malignitatem
507 4041 636 4098 defecisse.
657 4042 697 4095 lta
708 4043 801 4097 diserte
851 4053 891 4099 sto
903 4047 930 4097 iu
941 4048 1073 4116 sepultura
1080 4050 1196 4102 relictam
1204 4051 1414 4113 utinelemsm

253 4067 801 4249 dildlddltlffilitlltlitf
850 4115 1412 4239 ppippggprpsecessisset.

254 4205 318 4311 tend·
330 4201 498 4326 dsrr'ocdpidos,
515 4220 562 4302 lo'e
574 4198 611 4301 ede
621 4249 719 4330 bonum,
732 4257 756 4301 et
766 4249 798 4300 ab
851 4198 933 4330 Grdg.l
940 4203 1115 4332 Nazianzeldds
1125 4199 1412 4326 peppitpppnpmapffl

252 4331 412 4396 spscjacuim
423 4324 539 4382 atumem,
555 4319 585 4369 id
596 4325 632 4369 est
642 4317 674 4368 ab
685 4335 740 4385 ipso
751 4335 798 4368 uno
849 4316 962 4371 domum.
978 4320 1041 4374 Vnde
1052 4323 1089 4377 Io.
1098 4322 1268 4378 Pearsonium
1278 4326 1315 4381 ad
1327 4330 1410 4402 Sym.

251 4398 378 4465 priueipio
390 4392 600 4457 alterumsactum
606 4393 648 4438 eet.
662 4384 735 4445 Quod
743 4404 797 4436 cum
848 4386 936 4439 bolum
946 4388 1060 4459 Apostol.
1072 4408 1132 4463 pag.
1140 4392 1198 4446 480.
1211 4392 1270 4447 edit.
1281 4394 1409 4459 Latinas,

251 4467 388 4533 metipsum
399 4461 605 4517 succensentem,
623 4473 640 4505 a
656 4455 716 4505 bono
729 4455 796 4505 atie·
847 4454 952 4520 (Febr.)
1391 4488 1398 4499 ³

252 4543 317 4586 ctum
329 4539 377 4583 est.-
394 4528 516 4580 adiectum
526 4541 584 4575 vcro
596 4542 613 4573 a
624 4522 685 4573 borio
697 4527 795 4590 petrici·
890 4524 907 4575 i.
925 4523 979 4579 Sub
995 4530 1128 4598 apostolis]
1151 4529 1241 4584 Latius
1260 4529 1313 4588 hoc
1335 4542 1407 4596 aed.

249 4607 293 4670 μὴ
305 4601 352 4653 loe
364 4597 520 4667 principium
534 4592 599 4661 quod
608 4591 796 4657 molipnubatur
844 4592 965 4661 piendum
976 4597 1054 4653 etiam
1069 4605 1130 4669 pest
1143 4600 1325 4671 apestolorum
1335 4613 1406 4669 tem·

859 3020 927 3088 quod
938 3020 1080 3074 secundum
1089 3021 1165 3074 deum
1172 3022 1256 3104 priore
1264 3024 1425 3087 interiorem
