3046 5124
538 345 870 389 nemmemnsnmna
1234 346 1273 411 31

185 504 262 570 Post
268 503 333 591 lhos
347 508 421 568 sunt
427 502 575 568 haeretici
590 502 845 588 quierangelium
856 499 954 565 1νιαοοὶ
969 497 1121 573 Ἰωάννην·
1133 504 1166 564 et
1178 498 1275 585 'Ape-
1295 515 1344 564 σιν·
1357 513 1401 554 u-

123 605 274 692 calypsim
295 609 393 693 ipsius
416 627 478 671 non
497 609 670 693 accipiunt,
691 612 723 670 et
741 607 830 670 ³cum
851 626 914 671 non
933 603 1111 687 intelligunt
1128 605 1276 669 virtutem

124 712 306 795 scripturae,
319 709 394 774 4nec
410 708 589 790 desiderant
603 710 733 791 discere,
748 712 782 774 in
796 709 920 775 haeresi
938 712 1123 793 permanent
1141 720 1275 792 peronn-

123 819 186 895 tes,
200 818 236 877 nt
257 816 351 878 etiam
369 812 508 876 Corinthi
525 811 609 876 illius
624 813 791 876 haereticib
814 832 882 876 esse
901 810 1037 875 audeant
1055 810 1156 876 dicere
1177 810 1275 894 Ἆρο-

125 916 276 1001 calypsim
287 915 403 1000 ⁶ipsius
414 915 524 991 itidem
530 925 552 997 ⁰,
567 935 630 980 non
641 915 725 980 beati
736 915 861 980 loannis
872 913 1079 998 euangelistae
1092 919 1124 977 et
1135 911 1278 998 apostoli,

124 1018 180 1083 scd
194 1017 334 1082 Corinthi
354 1017 517 1099 haeretici,
539 1017 610 1102 ⁷qui
631 1023 707 1083 tnnc‘
728 1018 767 1082 ab
789 1016 938 1103 apostolis
960 1015 1080 1082 beatis‘¹
1102 1015 1277 1081 haereticus

123 1121 342 1187 manifestatus
358 1120 496 1186 abiectus
511 1127 560 1185 est
574 1121 612 1185 ab
629 1120 768 1186 ecclesia.
1005 1132 1009 1139 '

187 1223 361 1288 Manichaei
374 1223 446 1309 pcit
458 1224 516 1289 hos
532 1223 570 1288 de
586 1223 732 1289 ¹Porsida
746 1223 867 1289 aMane
881 1222 1022 1305 homine,
1038 1223 1103 1287 sive
1114 1220 1279 1287 Turbone*
1296 1233 1346 1283 cm·
1360 1231 1414 1272 m·

125 1328 171 1392 ita
185 1327 278 1409 dicto,
293 1328 503 1409 surreierunt,
517 1326 655 1391 fomenta
670 1326 708 1391 do
722 1325 787 1391 illis
802 1324 815 1364 ²
820 1327 1005 1411 perniciosis
1020 1329 1180 1390 sumentes
1194 1326 1278 1410 prio-

127 1430 246 1512 ribusb,
266 1432 320 1514 qui
339 1429 415 1494 duos
437 1428 535 1512 deos,¹
547 1450 644 1495 unum
665 1429 782 1495 bonum
802 1434 833 1492 ct
853 1448 950 1493 unum
972 1428 1090 1493 malum
1104 1437 1173 1492 esse
1187 1426 1279 1493 adse·

126 1540 246 1615 rentes,
266 1538 298 1596 et
316 1552 455 1619 pugnam
473 1534 555 1598 inter
570 1533 663 1598 deum
678 1539 710 1596 et
725 1532 902 1598 dominum⁶
917 1552 986 1596 esse
1001 1531 1234 1616 praedicantes,
1249 1535 1281 1593 et

127 1635 262 1700 hominis
277 1635 403 1721 quidem
417 1637 555 1701 animam
570 1636 609 1701 de
624 1635 681 1701 deo
697 1654 766 1700 esse
781 1637 903 1721 proprie
918 1639 1082 1720 putantes,
1097 1653 1209 1720 corpus
1225 1653 1280 1696 an-

126 1744 190 1804 tem
205 1760 224 1803 a
238 1737 360 1806 diabdo
372 1739 490 1805 factum
508 1739 711 1817 arbitrantur;
733 1739 989 1803 resurrectionem
1005 1743 1154 1821 negantes
1160 1736 1186 1820 ⁶,
1200 1735 1281 1801 iudi·

194 1943 255 2014 Cap.
268 1942 324 1997 LK
342 1947 369 1996 ia
385 1944 441 1997 alc.
458 1948 606 2014 inscriptam
624 1953 661 1996 est
674 1943 805 1998 Haanssrs
827 1959 995 1998 aversantur
1012 1959 1116 1996 ronasce
1134 1959 1167 1995 sa
1184 1956 1282 1996 arcca-

126 2028 220 2066 nrrsrs
232 2030 314 2067 rrsrvs
326 2027 465 2067 nsrrcrsns.
479 2044 512 2052 -
540 2013 561 2067 1.
574 2011 637 2064 κατὰ
648 2009 761 2079 Ἰωάννην
775 2012 808 2065 B.
819 2012 962 2066 secundum
974 2010 1097 2064 Ioannem
1108 2012 1207 2092 relipai.
1258 2009 1282 2064 2.

126 2082 386 2162 Appcalypsin(rl)b.
431 2080 456 2134 3
468 2097 527 2136 cum
539 2080 671 2162 occidit.
716 2081 740 2135 4.
752 2097 805 2134 non
818 2081 891 2150 (Ab.
936 2077 1065 2133 hotho
1142 2078 1283 2132 srmBalc.

127 2150 244 2273 ξ.7ιὲνοίοο
256 2149 346 2203 itidem
358 2150 391 2202 A.
408 2149 496 2203 rtrdem
510 2149 718 2219 reliqal.1brdem
736 2149 872 2202 Conclericis
887 2148 995 2200 Monam.
1035 2149 1081 2202 ccl.
1136 2147 1246 2201 ,tom.l.
1254 2165 1283 2216 p.

242 2217 266 2273 7.
279 2219 324 2288 qui
335 2224 396 2272 tunc
408 2219 497 2288 (Aba.
509 2224 571 2272 tuno
584 2218 634 2272 Ba.

196 2303 257 2375 (lap.
266 2303 335 2357 LXI.
346 2308 374 2356 lc
383 2303 463 2357 Bato.
475 2307 624 2374 {ternplum
632 2303 709 2356 labet
718 2303 881 2358 Macronem.
891 2331 924 2342 -
936 2302 957 2355 l.
968 2300 1074 2356 Persida
1085 2299 1118 2356 B.
1129 2299 1232 2357 Perside
1244 2317 1284 2353 re·

129 2373 198 2441 liqui.
250 2371 275 2426 2.
285 2371 434 2442 pernitiosis
452 2373 486 2428 A.
498 2373 639 2444 pernitiosa
650 2375 748 2442 reliqui.

130 2560 682 2710 ostiensisconsecrat

128 2713 173 2751 rae
183 2698 279 2768 allegat
285 2695 446 2754 Phdastrins.
463 2698 531 2753 Nam
542 2701 611 2771 apud
637 2717 682 2754 an·

129 2767 185 2820 lum
196 2772 236 2820 est
266 2784 282 2818 α
298 2764 349 2818 dclv
362 2767 478 2838 πνεύματι
490 2767 561 2839 ἁγίῳ.
597 2769 654 2836 (F.)

163 2833 225 2906 Gap.
294 2865 357 2890 .-
386 2850 409 2891 a.
432 2838 597 2908 evangelium
621 2834 683 2890 κατὰ

129 2901 254 2971 Ἰωάννην]
276 2904 325 2958 Alo
345 2921 374 2957 os
397 2903 445 2958 hoc
465 2907 570 2959 nomine
596 2907 683 2976 arguit

128 2971 288 3043 Epiphanius
300 2978 327 3025 st
362 2988 528 3038 masconius,
544 2990 609 3044 quoe
624 2974 682 3027 ride

129 3040 229 3094 haeresi
239 3040 281 3096 51.
305 3040 476 3110 Evangelium
496 3040 618 3095 Iohannis
644 3058 683 3095 re·

130 3110 245 3163 iecerunt
266 3109 388 3173 Eblanoi,
401 3108 573 3174 cerinthiani,
591 3109 683 3164 Cerdo·

129 3179 201 3232 niani
222 3183 249 3230 et
264 3176 412 3233 Theodotus
428 3176 590 3247 Byzantinus
606 3185 634 3231 at
651 3195 684 3232 ne

129 3247 253 3305 Marcion.
286 3245 525 3310 Quartadecimanis
541 3247 620 3300 etiam
634 3195 684 3301 άοο

129 3316 241 3368 tribuere
257 3315 359 3369 videtur
372 3313 522 3369 Theodorus
538 3314 686 3370 Scutariota

129 3384 157 3437 in
168 3383 266 3439 scholio
278 3383 311 3436 ad
324 3382 442 3437 Nicetam
453 3380 495 3438 iv.
508 3382 548 3439 ll.
560 3383 686 3438 Thesauri

131 3451 374 3518 Orthodoxaelidei,
397 3451 686 3508 uoddecmnibuscerte

131 3527 344 3576 verumnoneet.
369 3526 384 3586 (
409 3526 428 3585 .)

164 3589 191 3644 b.
209 3589 324 3645 Oerinthi
334 3591 404 3644 illius
415 3588 549 3658 haeretici]
567 3589 685 3663 Evange-

133 3657 196 3710 linm
204 3656 326 3712 Iohannis
338 3660 383 3728 qui
394 3658 427 3711 ed
436 3657 586 3713 Gerinthum
597 3666 685 3714 aucto-

132 3735 188 3778 rem
198 3727 323 3792 retulerit,
339 3728 425 3780 nullus
436 3728 542 3785 omnino
559 3728 621 3793 luit,
636 3729 685 3782 ita-

134 3808 184 3864 que
195 3793 228 3846 ad
236 3794 319 3849 solam
326 3795 501 3878 Apocalypsin
509 3794 573 3850 haec
581 3798 685 3850 restrin-

133 3862 219 3932 genda
229 3861 358 3917 Philuetrh
368 3865 460 3929 rerba,
473 3881 552 3935 quam
564 3865 684 3920 Cerintho

132 3931 279 3984 tribuerunt
289 3931 337 3985 Alc
358 3933 364 3946 '
376 3938 442 3987 teste
453 3933 474 3986 E
493 3933 597 4004 iphanic
609 3933 650 3989 LI.
660 3935 684 3989 3.

132 4006 159 4053 et
179 4000 224 4053 alii
244 4015 333 4079 nonna
355 4001 411 4066 'de
430 3950 524 4072 quihus
544 4002 685 4084 Dionysius

131 4069 207 4124 Alex.
224 4069 294 4140 apud
308 4067 448 4124 Eusebium
463 4071 518 4126 VII.
531 4069 571 4127 25.
588 4071 685 4126 Hister.

132 4138 217 4202 Quam
236 4153 298 4201 rere
317 4140 445 4214 procula
463 4139 685 4193 verisimilitudine

131 4213 232 4261 remota
242 4207 277 4260 sit
287 4205 497 4273 haecsententia,
508 4208 578 4262 idem
588 4207 685 4278 Diony·

133 4276 186 4329 slas
198 4281 277 4357 atpne
287 4273 447 4398 Epiphanius
459 4276 559 4331 docent.
594 4276 651 4342 (F.)

166 4361 189 4400 ο.
205 4344 306 4414 iudom]
351 4345 471 4400 ctelerius
485 4342 507 4399 l.
522 4345 684 4401 Monument.

133 4430 159 4483 p.
170 4412 228 4468 775.
239 4414 340 4468 itidem.
374 4412 432 4479 (F.)

134 4481 242 4615 (pdbalp
258 4481 383 4554 apostolis
400 4481 495 4548 beatis]
513 4479 597 4554 Supra
609 4499 631 4538 ο.
644 4481 685 4536 36.

172 4569 226 4605 cr.

168 4618 354 4692 casm-
377 4634 400 4676 a.
417 4619 548 4687 Turbone]
570 4619 688 4677 Vocabu-

732 2561 787 2614 lum
799 2560 886 2613 Manio
896 2559 998 2614 Persica
1003 2559 1095 2631 lingna
1103 2565 1193 2614 notare
1203 2559 1284 2613 homi·

732 2646 792 2683 nom
811 2628 904 2700 lingua
917 2629 1108 2684 contentiosum
1129 2625 1246 2698 ὁμιλητὴν
1260 2633 1286 2681 et

734 2716 751 2750 π
766 2696 794 2758 ος
803 2695 905 2759 διάλεξιν
915 2697 1068 2767 δραστήριον,
1077 2702 1170 2751 notam
1228 2697 1234 2712 ’

765 2767 857 2821 eroscl.
873 2765 1006 2820 Oatechesi
1021 2766 1065 2821 VI.
1084 2764 1123 2820 13.
1139 2771 1166 2819 et
1179 2765 1199 2820 P
1218 2767 1286 2819 otius

732 2835 776 2891 lib.
791 2835 813 2890 1.
833 2833 1112 2900 contrahianichaeos,
1128 2835 1190 2888 licet
1206 2834 1229 2887 si
1252 2836 1286 2896 i-

732 2903 861 2957 hechonis
877 2904 947 2957 illins
958 2904 1098 2974 vestigium
1108 2902 1186 2956 hodic
1200 2902 1228 2956 in
1250 2903 1256 2916 ⁶
1277 2932 1287 2943 ·

733 2971 1288 3111 adcommodandae

733 3125 833 3232 hwa.
845 3108 902 3231 ΞΜ
909 3109 1289 3249 icfftxnrAadffiismproc'Yffidogg

734 3245 759 3298 le
778 3245 874 3299 endum
917 3248 998 3310 rlloo,
1019 3247 1090 3316 qnod
1108 3263 1204 3301 nomen
1220 3261 1237 3299 a
1254 3245 1290 3299 ud

771 3331 800 3372 os
822 3320 862 3368 ost
879 3315 1001 3367 Calacte
1016 3316 1058 3369 vel
1075 3314 1210 3370 ίῖωόἰοίωε.
1236 3263 1290 3368 Sed

735 3383 801 3437 bens
813 3399 841 3438 se
852 3382 932 3437 habet
941 3384 1018 3438 lectio
1029 3384 1148 3454 vulgata,
1163 3399 1225 3437 nam
1240 3383 1290 3436 init

736 3467 800 3505 sane
810 3451 897 3507 Turbo
909 3452 1014 3523 quidam
1024 3453 1137 3507 hrode
1149 3451 1290 3522 discipulus

738 3519 849 3590 Τάρβων,
867 3521 941 3575 cuius
958 3521 1079 3576 meminit
1087 3519 1248 3592 Epiphanius
1259 3519 1289 3575 Τ.

739 3587 923 3710 aperanti.
940 3590 998 3655 (F.)

789 3699 795 3712 .
819 3657 850 3711 de
871 3658 922 3712 illie
942 3658 1083 3728 prioribus]
1109 3657 1144 3711 Ut
1159 3656 1290 3711 Valentini

737 3725 827 3780 schola
842 3732 869 3779 et
879 3727 1030 3793 Marcionis,
1051 3726 1194 3796 dequibus
1212 3739 1290 3796 snpra

737 3793 997 3861 affimffilffl

765 3879 787 3918 c.
797 3863 864 3918 inter
871 3862 1129 3931 deumetdominnm]
1138 3861 1208 3916 Inter
1214 3861 1291 3915 deum

736 3932 835 3985 bonum
852 3937 878 3985 et
894 3933 961 3986 inter
978 3933 1123 3996 dominum,
1141 3931 1186 4000 qui
1204 3931 1291 4003 legem

735 4016 782 4071 per
792 4001 904 4071 Meysen
920 4000 990 4055 dedit
1005 4008 1032 4055 et
1047 3999 1075 4053 in
1091 3999 1216 4054 Hebraeis
1232 4016 1291 4071 pro·

736 4068 821 4140 phetis
833 4071 934 4125 locutus
946 4076 994 4135 est,
1005 4069 1075 4122 hunc
1087 4069 1157 4122 enim
1168 4085 1222 4123 nen
1233 4084 1291 4121 esse

736 4154 826 4191 verum
837 4138 927 4204 deum,
939 4138 985 4192 sed
995 4154 1078 4191 unum
1087 4153 1120 4192 ex
1130 4137 1291 4209 principibus

736 4206 914 4271 tenebrarum,
928 4207 1020 4260 Manes
1036 4204 1246 4289 blasphemabat,
1262 4210 1292 4259 nt

738 4273 1290 4347 constatexAugustino,Ep1phani0LXV1.

737 4341 778 4396 31.
791 4343 908 4412 ahisque.
943 4342 1001 4409 (F.)

771 4410 795 4465 d
812 4409 1035 4466 Resurrectionem
1048 4414 1188 4484 negantes]
1205 4411 1291 4466 Etiam

736 4480 764 4532 in
776 4478 825 4533 hoc
836 4479 967 4534 Valentini
976 4480 1094 4607 restiffih
1102 4483 1207 4538 Manem
1218 4481 1291 4534 inati-

737 4546 977 4683 b'ssetpttnfiprps)in
996 4566 1055 4621 sym
1074 4551 1109 4606 oli
1129 4549 1292 4623 expositione

738 4631 806 4672 anno
844 4655 852 4672 ,‚
925 4660 931 4672 .
