3046 5124
246 343 308 409 398

248 496 364 548 Cassian.
377 494 462 546 collat.
474 494 518 546 lib.
531 493 585 546 VH.
597 509 653 563 cap.
665 494 723 547 XV.
735 494 780 547 fol.
794 494 867 548 1057.
892 495 968 546 Nulli
979 494 1080 547 dubium
1092 504 1137 558 est,
1148 496 1216 565 qued
1222 500 1325 565 possint
1334 499 1401 565 epiri-

248 574 287 614 tue
297 565 418 614 immundi
429 566 606 629 copitationum
619 572 763 614 nostrarum
781 567 906 629 attinpere
917 564 1061 632 qualitates,
1073 566 1119 615 aad
1129 567 1237 616 tudiciis
1249 581 1295 616 eas
1308 566 1402 615 serralii-

248 634 462 699 lihussorinsecus
474 632 625 698 coilipentcs,
642 634 671 682 id
682 641 725 692 est,
740 648 770 681 eu
782 635 874 682 nostris
886 633 1097 699 dispositionibus,
1110 643 1157 685 aut
1166 633 1261 695 verbis,
1278 642 1302 684 et
1311 635 1402 691 studiis.

248 705 275 751 in
286 718 349 769 quae
357 703 508 767 propensius
524 703 698 767 conspexerint
713 718 756 751 nos
771 701 903 751 inclinari.
933 699 1065 751 Caeterum
1080 701 1155 763 illae,
1177 719 1244 770 quac
1261 703 1364 753 necdum
1379 704 1403 753 dt

247 773 353 821 insternit
365 771 466 819 orsinae
477 770 633 835 prodierunt,
647 770 721 819 odire
732 771 829 819 omnino
842 786 889 819 nen
898 777 1012 836 possuntt.
1040 768 1119 837 Ipsus
1129 786 1224 837 queque
1237 774 1402 836 capitatione.

247 855 310 904 quas
329 840 455 902 imperant,
472 847 552 887 utrum
570 846 704 904 susceptae
720 840 781 897 siret,
797 837 838 886 nel
848 837 1052 904 quemadmodum
1069 847 1202 905 susceptae
1218 841 1284 899 sint,
1302 856 1350 890 non
1362 856 1403 905 per

246 909 326 973 ipsius
338 907 439 955 atrimae
451 915 576 967 naturam,
594 906 624 955 id
640 913 676 954 cet
685 922 735 972 per
746 905 817 954 illum
828 908 973 956 {interiorem
984 916 1074 957 motum
1091 909 1118 956 ia
1128 907 1248 957 medullis
1258 910 1363 973 saepius
1373 907 1404 957 ia·

247 980 367 1033 titantern‚
379 974 581 1024 sedeamotihus
590 982 619 1023 at
635 990 663 1022 ne
675 975 779 1023 indiciis
791 976 924 1023 exterioris
941 972 1049 1025 hominis
1060 972 1259 1042 deprehendunt.
1289 975 1330 1026 Au
1368 974 1405 1025 sti-

247 1058 296 1093 nus
309 1047 438 1160 reltrlaptat.
450 1040 494 1092 lib.
506 1039 537 1092 II.
550 1057 606 1109 cap.
619 992 708 1094 XXX.
738 1039 851 1093 Thomas
867 1041 984 1110 Aquinas
996 1046 1063 1110 part.
1076 1040 1096 1093 1.
1113 1058 1208 1094 summ.
1220 1049 1325 1111 quaest.
1359 1040 1405 1095 VII

246 1110 346 1162 articu.
394 1148 399 1158 .

298 1176 333 1229 Ca
353 1175 504 1230 .LXXXII.
519 1208 552 1216 -
580 1176 638 1230 Non
656 1194 745 1230 omnes
762 1178 846 1229 malae
863 1178 1034 1245 cogitationes
1050 1194 1105 1231 sem
1126 1194 1153 1230 er
1164 1177 1264 1231 diaboli
1276 1177 1406 1247 instinctu]

245 1246 320 1298 Hune
334 1194 424 1297 Iocum
440 1245 555 1317 imitatus
572 1251 611 1297 est
628 1244 700 1297 Beda
716 1247 741 1297 iu
759 1246 877 1297 Marcum
892 1245 936 1299 lib.
949 1245 980 1298 II.
998 1262 1052 1315 cap.
1065 1247 1086 1297 V
1113 1286 1119 1299 .
1137 1252 1200 1299 tem.
1213 1245 1270 1300 VII.
1282 1247 1310 1298 in
1322 1244 1407 1300 humil.

247 1314 399 1382 quadrages.
416 1313 460 1365 iel.
478 1313 535 1365 358.
552 1314 579 1365 in
597 1314 641 1367 lib.
657 1314 800 1383 quaestion.
817 1320 878 1365 tem.
896 1314 961 1367 VIII.
979 1314 1024 1367 iel.
1042 1314 1101 1365 405.
1138 1314 1228 1366 Omine
1245 1320 1409 1382 capitatione

247 1384 330 1434 maiae
348 1401 396 1434 non
411 1399 508 1450 semper
523 1386 644 1433 irretinctn
662 1383 760 1433 diodoli
776 1386 930 1443 excitantur,
948 1384 994 1434 sed
1010 1384 1148 1451 aliquando
1166 1401 1197 1434 es
1214 1387 1296 1434 nostri
1307 1384 1409 1435 arbitrii

245 1462 310 1502 metu
323 1460 488 1517 emcrpnntnr.
520 1450 607 1501 Bonae
625 1460 706 1502 anatem
724 1454 889 1517 cepitatt'ones
905 1469 1031 1519 sempera
1044 1453 1166 1502 deerunt.
1194 1450 1411 1519 hieronymusin

246 1517 339 1571 Matth.
351 1519 395 1570 Iib.
407 1517 439 1569 II.
451 1534 506 1587 cap.
518 1519 576 1570 XV.
589 1519 632 1570 iol.
645 1517 686 1570 31.
715 1520 858 1585 Arpuemii,
870 1523 913 1585 qni
924 1523 1090 1586 copitationes
1102 1538 1120 1569 a
1133 1520 1234 1571 diabole
1247 1524 1353 1571 immitti
1363 1538 1410 1588 pu·

246 1596 308 1649 tant,
321 1598 345 1639 et
357 1606 404 1638 raon
416 1605 446 1637 eu
454 1591 564 1654 propria
577 1591 651 1638 enasci
663 1588 795 1640 uoluntate.
815 1587 938 1638 Diabolus
951 1589 1053 1639 adiutor
1065 1598 1089 1639 et
1098 1591 1216 1640 incensor
1226 1590 1359 1639 malarum
1372 1606 1412 1641 ce·

244 1659 394 1723 pitatiunnm
407 1664 561 1722 potestesse,
579 1666 668 1707 aucte-r
679 1673 731 1706 ense
744 1674 791 1705 non
798 1665 889 1723 petest.
918 1654 949 1705 Si
960 1664 1041 1707 uatem
1052 1673 1150 1724 semper
1161 1660 1189 1707 in
1200 1658 1305 1707 tresidiis
1324 1662 1413 1709 resitue

246 1727 322 1774 lencm
335 1726 512 1789 cepitationum
525 1735 667 1775 reestrarum
679 1724 816 1774 scintillam
829 1728 881 1774 suis
891 1724 1024 1789 fomitibus
1039 1724 1213 1791 inflammarit,
1230 1742 1279 1777 non
1296 1676 1414 1777 eduense

245 1796 356 1860 opinari,
369 1810 422 1842 eum
434 1793 519 1842 cerdis
530 1809 623 1860 quoqeee
634 1793 733 1843 occulta
743 1795 843 1852 rimari,
855 1793 900 1842 sed
911 1810 941 1842 eu
952 1796 1068 1859 eorporis
1076 1791 1164 1843 habitu
1177 1802 1202 1843 et
1210 1794 1324 1860 pestibus
1336 1798 1413 1845 aesti-

247 1878 317 1910 mare
333 1861 394 1928 quid
406 1877 528 1910 versemus
545 1864 708 1921 intrinuecuu‚·
727 1861 797 1910 uerbi
810 1869 907 1925 pratea,
926 1863 949 1909 si
963 1859 1100 1929 pulchram
1118 1862 1246 1913 mulierem
1265 1879 1311 1913 nos
1323 1862 1414 1915 crebro

245 1931 341 1980 auderit
352 1931 484 1996 inrepitere,
496 1929 616 1993 intellipit
628 1947 671 1979 cor
680 1929 765 1979 iaculo
777 1933 872 1979 autoris
885 1929 1049 1982 eulrterotum.

296 1997 457 2064 Aliquotiens
470 2012 502 2047 ex
515 1997 596 2047 nostri
607 1996 716 2061 arbitrii]
747 1994 924 2064 Cogitationes
936 2002 991 2047 tum
1005 1997 1100 2060 henas,
1111 2002 1167 2049 tum
1179 1997 1265 2050 malas
1277 1998 1369 2065 giguit
1379 2014 1415 2052 ex

246 2080 302 2117 sese
315 2081 366 2116 cer.
384 2063 472 2116 Bonas
485 2064 588 2132 quidem
601 2081 633 2115 ex
646 2064 816 2133 suggestione
828 2064 890 2116 beni
901 2064 1016 2132 spiritus,
1028 2065 1112 2117 malas
1121 2082 1153 2117 ex
1167 2066 1342 2119 amarulentis
1354 2066 1415 2119 dae·

245 2149 360 2185 monum.
390 2132 502 2184 Basilius
518 2133 631 2201 Magnus
649 2133 676 2183 in
694 2133 826 2185 constitut.
845 2134 1007 2185 exercitator.
1024 2149 1081 2202 cap.
1097 2131 1179 2185 XVII
1208 2134 1369 2187 Ambrosius
1386 2136 1414 2188 in

244 2201 376 2254 Psalrnum
395 2199 509 2253 CXVIII.
520 2201 566 2253 iel.
580 2200 637 2253 eut.
649 2208 712 2252 tom.
724 2199 754 2252 Il.
785 2199 926 2269 Gregorius
942 2199 1078 2267 Nyssenus
1093 2200 1182 2253 hennil.
1199 2200 1245 2254 IX.
1263 2203 1291 2256 in
1308 2204 1416 2257 cantica

245 2271 366 2322 canticor.
379 2267 469 2322 Iohan.
483 2268 590 2321 Gerseu.
600 2268 623 2319 3.
636 2276 729 2337 parte
749 2284 821 2320 erum
852 2284 893 2336 ag.
904 2269 944 2320 tl.
962 2268 1109 2321 Iliadechus
1122 2269 1153 2322 de
1161 2268 1269 2349 perfect
1281 2286 1294 2322 s
1314 2271 1416 2325 iritnaIi

245 2354 300 2406 cap.
312 2336 457 2390 LXXXIII.
487 2337 515 2390 S.
529 2335 671 2389 Antiochus
690 2336 721 2387 ad
731 2286 856 2389 Xueteeh.
868 2336 899 2389 de
911 2338 1060 2405 cogitatien.
1073 2353 1134 2406 pag.
1151 2338 1205 2392 lal.
1235 2338 1264 2391 S.
1305 2341 1414 2393 acatius

244 2406 358 2458 Eremita
370 2405 457 2459 hennil.
470 2405 539 2457 XVI.
561 2404 737 2457 Theodoretus
750 2412 861 2459 ennarrat.
874 2406 901 2457 in
919 2403 1012 2457 Oseam
1025 2422 1072 2474 pre
1090 2404 1141 2459 het.
1153 2405 1198 2459 tol.
1210 2405 1270 2461 607.
1293 2406 1415 2461 Athana·

245 2475 299 2527 sius
312 2474 344 2526 ad
356 2473 511 2527 Antiochum
524 2480 623 2542 quaest.
636 2474 693 2525 XV.
712 2473 837 2542 OrIgenes
848 2474 876 2526 in
887 2474 985 2526 Lucam
998 2489 1053 2543 cap.
1065 2423 1097 2529 d.
1111 2473 1199 2527 homil.
1211 2474 1271 2527 XII.
1288 2474 1321 2527 Se·
1333 2478 1416 2529 denae

245 2548 410 2610 capitationes
422 2547 447 2593 in
460 2545 535 2594 eorde
549 2551 631 2593 nostro
642 2546 749 2609 suerint,
768 2551 793 2592 et
802 2546 830 2593 in
842 2546 925 2594 aninto
937 2546 1037 2593 iustitia
1045 2544 1185 2611 pullularit
1190 2582 1197 2605 ,
1215 2542 1290 2595 haud
1300 2546 1415 2607 dubium,

245 2616 304 2679 quio
317 2613 386 2662 nobis
398 2613 514 2678 loquutur
526 2611 630 2677 anpclus
642 2613 743 2663 domini.
772 2610 803 2661 St
812 2629 871 2661 cere
883 2612 952 2662 mula
959 2613 1061 2677 suerint
1072 2615 1098 2661 in
1111 2612 1187 2663 corde
1199 2620 1284 2665 nostre
1295 2624 1415 2677 uersata,

245 2680 353 2747 loquitur
365 2681 434 2731 nodis
446 2682 551 2746 anpelue
563 2679 666 2730 diaboii.
684 2677 849 2731 Bernhardus
861 2679 889 2731 in
900 2677 1009 2731 meditat
1020 2694 1075 2748 cap.
1087 2678 1145 2731 XV.
1165 2678 1233 2731 Caro
1245 2698 1303 2731 mea
1316 2683 1351 2733 de
1363 2684 1416 2735 iate

245 2758 289 2809 est,
302 2758 326 2799 et
337 2750 392 2799 ideo
404 2749 499 2798 lutosas
511 2751 677 2814 copitatienes
689 2747 720 2798 ab
733 2749 781 2798 ute
794 2746 880 2800 haheo.
917 2747 1005 2798 Vanae
1016 2756 1041 2799 et
1052 2751 1167 2799 curiosas
1179 2767 1197 2799 a
1208 2750 1309 2813 munde,
1323 2770 1343 2801 a
1356 2752 1415 2803 dia·

245 2817 298 2869 tete
310 2817 393 2867 maias
405 2826 429 2867 et
440 2817 588 2868 rnalitieeas.

294 2882 384 2937 Bonae
396 2884 567 2953 cogitationes
579 2899 681 2952 semper
693 2899 709 2934 a
720 2882 767 2935 deo
780 2885 853 2949 sunt]
868 2883 1017 2951 Hieronym.
1030 2883 1057 2935 in
1066 2881 1193 2938 Ezechiel.
1203 2883 1249 2938 lib.
1259 2884 1292 2937 V.
1304 2900 1329 2939 c.
1340 2884 1414 2939 XVI.

246 2951 416 3017 Cogitationes
428 2956 507 3004 menae
520 2972 536 3003 a
550 2954 594 3003 dee
607 2952 745 3003 homiru'hus
756 2956 909 3005 Inserantur.
938 2950 1103 3005 chhardus
1120 2968 1199 3022 super
1215 2954 1321 3006 cantica
1332 2970 1413 3009 sem.

243 3019 357 3072 XXXII.
368 3020 413 3073 tol.
426 3020 483 3074 ute.
514 3020 574 3071 Cum
592 3022 661 3071 reaia
675 3024 701 3070 in
713 3022 788 3072 corde
799 3038 938 3083 versamus,
954 3030 1041 3072 suestra
1054 3026 1175 3085 capitatio
1186 3030 1231 3083 eat,
1242 3026 1268 3073 εἰ
1279 3022 1358 3087 bona,
1371 3028 1416 3077 dee·

245 3106 324 3140 earne
338 3099 381 3140 est.
401 3089 464 3140 Vide
476 3089 549 3141 illum
561 3089 588 3140 in
600 3089 644 3140 lib.
657 3087 688 3140 de
700 3088 816 3141 interiori
828 3087 904 3140 deme
916 3104 973 3158 cap.
984 3088 1113 3141 XXXIX.
1125 3096 1152 3141 et
1162 3088 1219 3143 XL.

296 3156 358 3225 Cap.
367 3156 512 3210 LXXXIII.
527 3188 560 3196 -
576 3156 723 3209 Daemones
735 3173 780 3225 per
792 3154 909 3225 ἐνέργειαν
927 3173 978 3209 nen
991 3155 1119 3209 credimus
1130 3157 1349 3229 substantialiter]
1368 3158 1414 3213 Di·

245 3225 337 3293 dymus
351 3224 381 3276 de
393 3225 484 3293 spiritu
497 3232 585 3277 sancto
596 3225 639 3277 lib.
649 3224 692 3277 III.
712 3227 832 3277 Animam
844 3227 884 3276 uei
891 3235 993 3276 mentem
1002 3225 1109 3277 heminis
1121 3228 1190 3278 nulla
1200 3238 1326 3279 creatura
1339 3234 1413 3283 insta

243 3296 409 3344 substantiam
417 3303 501 3360 potest
512 3295 623 3361 impiere,
640 3298 691 3343 ru‘si
701 3295 755 3345 suia
768 3296 880 3345 trinitas.
909 3293 968 3345 Non
987 3303 1068 3345 rentem
1081 3298 1287 3363 participatione
1298 3308 1414 3349 naturae

244 3364 332 3430 implet
342 3365 481 3429 qnempiam
495 3362 617 3422 diadolus,
635 3371 681 3412 aaut
691 3366 744 3411 eius
757 3361 886 3413 habitator
898 3364 1016 3429 efficitur,
1032 3364 1078 3413 sed
1090 3380 1141 3432 per
1150 3364 1371 3431 fraudulentiam,
1389 3375 1416 3419 et

246 3433 421 3499 deceptionem,
440 3438 464 3479 et
475 3430 599 3479 malitiam
613 3429 758 3480 inhabitare
769 3434 796 3480 in
808 3448 836 3481 eo
849 3434 968 3491 creditur,
981 3449 1050 3499 quem
1062 3434 1095 3481 im
1116 3433 1182 3484 iecit.
1211 3428 1277 3484 Vide
1289 3430 1413 3487 Clemen-

243 3506 297 3552 tem
314 3498 481 3551 Alexandrin.
501 3496 622 3550 Stromat.
634 3497 678 3550 Ilb.
691 3497 722 3549 ll.
734 3498 778 3549 iel.
794 3498 849 3549 177.
879 3496 1034 3551 Cassianum
1050 3450 1136 3551 celidt.
1154 3499 1198 3551 lib.
1210 3498 1265 3555 VII.
1278 3516 1308 3553 ca
1330 3542 1338 3555 .
1351 3500 1413 3555 XII.

244 3583 270 3619 et
282 3567 353 3621 Xlll.
381 3565 548 3619 Paschasium
560 3565 704 3618 Diaconum
716 3566 825 3618 Reman.
843 3566 874 3618 de
886 3568 977 3635 spiritu
989 3574 1079 3619 sancte
1091 3568 1136 3621 lib.
1149 3566 1181 3619 II.
1193 3584 1250 3637 cap.
1262 3567 1283 3622 I.
1384 3586 1412 3623 m

244 3638 271 3688 in
283 3638 347 3688 Acta
359 3636 468 3705 apostol.
482 3650 513 3686 ca
533 3675 538 3685 .
553 3634 581 3685 l‘.
593 3634 638 3687 fol.
652 3632 710 3686 atu.
739 3636 863 3687 Auterem
882 3636 913 3687 de
930 3636 1021 3705 spiritu
1040 3642 1066 3687 et
1080 3636 1169 3689 anima
1186 3634 1254 3757 apud
1266 3636 1412 3707 Angustia.

243 3712 306 3757 tem.
319 3704 343 3758 3.
355 3705 400 3758 sel.
413 3703 470 3755 618.
483 3720 504 3756 e.
545 3701 625 3755 Xl'll.
651 3701 779 3755 'rhomam
790 3704 912 3771 Aquinat.
924 3702 1070 3765 Quodlibet.
1084 3702 1108 3757 3.
1120 3704 1201 3757 aulen
1213 3744 1219 3757 .
1233 3703 1300 3761 VIII.
1321 3704 1411 3761 Bena-

243 3784 379 3825 uenturam
391 3773 435 3824 lib.
447 3771 457 3823 I
462 3772 478 3824 I.
491 3779 601 3824 sentent.
614 3770 726 3823 distinct.
739 3770 804 3823 VIII.
816 3788 916 3824 nunrer.
927 3770 968 3823 48.
991 3771 1096 3823 Petrum
1107 3771 1284 3827 hembardnm
1295 3782 1410 3829 sentem.

244 3842 288 3893 lib.
301 3841 331 3893 Il.
345 3842 458 3893 distinct.
474 3837 538 3892 VIII.
553 3841 595 3891 ubi
608 3840 739 3909 integrum
753 3838 800 3892 hee
813 3847 892 3909 caput
902 3840 951 3892 sub
963 3840 1069 3892 nomine
1083 3838 1212 3894 Gennadii
1223 3842 1295 3896 citat.

295 3909 358 3978 Gap.
371 3908 516 3961 LXXXIV.
530 3940 562 3949 —
586 3909 669 3977 Signa
680 3916 706 3962 et
718 3908 835 3977 prodigia
847 3915 994 3978 peccateres
1006 3908 1090 3961 iacere
1127 3910 1218 3963 Antei.
1231 3910 1409 3965 Commenta.

244 3979 271 4029 iu
283 3976 374 4029 Matth.
388 3994 409 4029 c.
423 3977 477 4030 VII.
496 3976 583 4031 homil.
597 3978 681 4029 XXV.
697 3994 719 4029 c.
731 3977 806 4031 XXI.
825 3975 913 4029 homil.
931 3976 1032 4029 XXIX.
1050 3994 1073 4029 e.
1129 3977 1185 4029 'lu
1202 3977 1293 4031 homil.
1309 3978 1408 4035 XLIX

243 4045 315 4097 Beda
327 4047 353 4097 in
367 4047 471 4114 Apocal.
485 4062 541 4114 cap.
553 4044 624 4098 Xlll.
642 4046 790 4113 llieronym.
802 4045 829 4096 iu
842 4046 916 4115 epist.
934 4044 1008 4097 Pauli
1019 4045 1052 4097 ad
1066 4044 1150 4100 Galat.
1162 4061 1219 4115 cap.
1231 4046 1276 4101 III.
1290 4046 1336 4102 tet
1352 4048 1408 4103 131.

243 4114 333 4166 lustin.
350 4115 456 4181 hlartpr.
473 4115 500 4165 in
517 4121 616 4182 quaest.
634 4114 666 4166 ad
683 4112 817 4167 orthodex.
836 4120 935 4182 quaest.
951 4113 980 4167 V.
992 4114 1036 4166 iol.
1048 4114 1106 4167 309.
1135 4113 1293 4169 Athanasius
1309 4114 1344 4168 ad
1357 4118 1409 4170 Au·

244 4180 320 4235 tioch.
333 4187 432 4250 quaest.
445 4182 500 4234 CX.
518 4183 671 4234 Anastasius
684 4184 796 4251 episcop.
809 4180 923 4234 Nicenus
941 4189 1041 4251 quaest.
1052 4180 1151 4235 XXIII.
1168 4183 1307 4237 inassati
1325 4192 1409 4237 taras.

295 4250 378 4317 Signa
390 4258 415 4301 et
426 4251 545 4318 predIgia
556 4251 633 4301 etiam
646 4258 793 4329 peccateres
804 4250 902 4315 iacere]
928 4250 970 4303 Fit
981 4249 1029 4303 hec
1041 4259 1146 4320 propter
1161 4266 1190 4303 re
1208 4253 1287 4305 rohes
1299 4200 1334 4305 de
1346 4270 1410 4307 ton·

244 4318 435 4370 damnationem
448 4334 537 4370 eorum
549 4320 594 4387 qui
605 4320 711 4383 iaciunt,
727 4321 767 4371 vel
786 4320 819 4371 eb
831 4319 969 4371 utilitatem
982 4335 1080 4382 eornm,
1096 4320 1142 4388 qni
1152 4320 1178 4372 vi
1196 4328 1242 4373 eut
1252 4326 1279 4373 et
1289 4320 1409 4385 audiant,

244 4392 273 4439 nt
283 4387 344 4438 licet
355 4386 473 4439 homines
485 4386 628 4456 despiciant
639 4388 717 4456 signa
727 4387 860 4450 iacientes,
871 4394 958 4439 tamen
970 4387 1048 4440 deum
1056 4386 1192 4451 honorent,
1204 4388 1238 4441 ad
1246 4388 1322 4443 caius
1333 4390 1409 4445 inve·

244 4455 372 4506 tationem
385 4462 458 4507 tanta
469 4454 534 4506 fiant
545 4455 678 4507 miracula.
707 4454 779 4507 Beda
790 4456 818 4507 in
829 4456 894 4509 Acta
906 4457 1015 4525 apostol.
1027 4471 1084 4527 cap.
1095 4454 1169 4509 XIX.
1182 4456 1226 4511 tel.
1238 4456 1297 4511 907.
1323 4456 1409 4515 Oean-

244 4523 346 4576 menius
357 4524 384 4576 in
396 4525 460 4577 Acta
472 4530 555 4594 apest.
566 4539 621 4592 cap.
634 4522 708 4576 XIX

295 4588 362 4643 Cum
372 4592 437 4646 alies
447 4591 497 4646 hac
508 4592 718 4662 praesumptione
728 4592 827 4658 invent,
836 4592 888 4649 sibi
898 4609 944 4664 pet
955 4592 1126 4649 ambitionem
1135 4594 1242 4661 ament]
1259 4590 1296 4647 Ut
1306 4592 1408 4651 Statu
