<?xml version="1.0" encoding="UTF-8"?>
<!DOCTYPE html PUBLIC "-//W3C//DTD XHTML 1.0 Transitional//EN"
    "http://www.w3.org/TR/xhtml1/DTD/xhtml1-transitional.dtd">
<html xmlns="http://www.w3.org/1999/xhtml" xml:lang="en" lang="en">
 <head>
  <title>
</title>
<meta http-equiv="Content-Type" content="text/html;charset=utf-8" />
  <meta name='ocr-system' content='tesseract 3.04.00' />
  <meta name='ocr-capabilities' content='ocr_page ocr_carea ocr_par ocr_line ocrx_word'/>
</head>
<body>
  <div class='ocr_page' id='page_1' title='image "./corporishaerese02unkngoog_0179.png"; bbox 0 0 3046 5124; ppageno 0'>
   <div class='ocr_carea' id='block_1_1' title="bbox 259 351 887 420">
    <p class='ocr_par' dir='ltr' id='par_1_1' title="bbox 259 351 887 420">
     <span class='ocr_line' id='line_1_1' title="bbox 259 351 887 420; baseline -0.002 -28"><span class='ocrx_word' id='word_1_1' title='bbox 259 356 320 420; x_wconf 81' lang='grc'>160</span> <span class='ocrx_word' id='word_1_2' title='bbox 737 351 887 392; x_wconf 77' lang='lat' dir='ltr'>Pfflnaersr</span> 
     </span>
    </p>
   </div>
   <div class='ocr_carea' id='block_1_2' title="bbox 173 501 1418 2637">
    <p class='ocr_par' dir='ltr' id='par_1_2' title="bbox 173 501 1418 2637">
     <span class='ocr_line' id='line_1_2' title="bbox 257 501 1411 590; baseline -0.007 -17"><span class='ocrx_word' id='word_1_3' title='bbox 257 509 313 573; x_wconf 89' lang='lat' dir='ltr'>sed</span> <span class='ocrx_word' id='word_1_4' title='bbox 328 507 352 547; x_wconf 81' lang='lat'>1³</span> <span class='ocrx_word' id='word_1_5' title='bbox 358 509 482 572; x_wconf 88' lang='lat' dir='ltr'>dextrae</span> <span class='ocrx_word' id='word_1_6' title='bbox 498 506 666 590; x_wconf 88' lang='lat' dir='ltr'>laevaeque</span> <span class='ocrx_word' id='word_1_7' title='bbox 680 506 894 590; x_wconf 75' lang='lat' dir='ltr'>adsignantur,</span> <span class='ocrx_word' id='word_1_8' title='bbox 910 511 943 569; x_wconf 91' lang='lat' dir='ltr'>et</span> <span class='ocrx_word' id='word_1_9' title='bbox 954 511 992 571; x_wconf 90' lang='lat' dir='ltr'>ut</span> <span class='ocrx_word' id='word_1_10' title='bbox 1006 505 1191 570; x_wconf 67' lang='lat' dir='ltr'>¹*contraria</span> <span class='ocrx_word' id='word_1_11' title='bbox 1202 508 1235 567; x_wconf 91' lang='lat' dir='ltr'>at</span> <span class='ocrx_word' id='word_1_12' title='bbox 1246 522 1310 568; x_wconf 90' lang='lat' dir='ltr'>non</span> <span class='ocrx_word' id='word_1_13' title='bbox 1321 501 1411 586; x_wconf 88' lang='lat' dir='ltr'>plena</span> 
     </span>
     <span class='ocr_line' id='line_1_3' title="bbox 258 605 1411 693; baseline -0.006 -19"><span class='ocrx_word' id='word_1_14' title='bbox 258 613 396 674; x_wconf 86' lang='lat' dir='ltr'>veritatis</span> <span class='ocrx_word' id='word_1_15' title='bbox 411 614 454 673; x_wconf 84' lang='lat' dir='ltr'>ita</span> <span class='ocrx_word' id='word_1_16' title='bbox 468 610 611 692; x_wconf 88' lang='lat' dir='ltr'>leguntur</span> <span class='ocrx_word' id='word_1_17' title='bbox 626 631 645 671; x_wconf 94' lang='lat' dir='ltr'>a</span> <span class='ocrx_word' id='word_1_18' title='bbox 659 608 809 693; x_wconf 87' lang='lat' dir='ltr'><strong>plurimis.</strong></span> <span class='ocrx_word' id='word_1_19' title='bbox 834 609 1039 692; x_wconf 75' lang='lat' dir='ltr'>Septuaginta</span> <span class='ocrx_word' id='word_1_20' title='bbox 1051 628 1126 672; x_wconf 88' lang='lat' dir='ltr'>vero</span> <span class='ocrx_word' id='word_1_21' title='bbox 1141 607 1274 672; x_wconf 89' lang='lat' dir='ltr'>duorum</span> <span class='ocrx_word' id='word_1_22' title='bbox 1288 605 1411 669; x_wconf 88' lang='lat' dir='ltr'>decreta</span> 
     </span>
     <span class='ocr_line' id='line_1_4' title="bbox 258 707 1411 795; baseline -0.005 -19"><span class='ocrx_word' id='word_1_23' title='bbox 258 720 348 795; x_wconf 89' lang='lat' dir='ltr'>atque</span> <span class='ocrx_word' id='word_1_24' title='bbox 364 713 520 793; x_wconf 87' lang='lat' dir='ltr'>consulta,</span> <span class='ocrx_word' id='word_1_25' title='bbox 541 733 577 774; x_wconf 89' lang='lat' dir='ltr'>ea</span> <span class='ocrx_word' id='word_1_26' title='bbox 597 711 702 791; x_wconf 87' lang='lat' dir='ltr'>legens</span> <span class='ocrx_word' id='word_1_27' title='bbox 723 711 857 774; x_wconf 86' lang='lat' dir='ltr'>ecclesia</span> <span class='ocrx_word' id='word_1_28' title='bbox 872 711 1024 774; x_wconf 88' lang='lat' dir='ltr'>catholica</span> <span class='ocrx_word' id='word_1_29' title='bbox 1038 731 1161 795; x_wconf 80' lang='lat' dir='ltr'><strong>semper</strong></span> <span class='ocrx_word' id='word_1_30' title='bbox 1175 708 1272 773; x_wconf 87' lang='lat' dir='ltr'>habet</span> <span class='ocrx_word' id='word_1_31' title='bbox 1285 715 1319 771; x_wconf 88' lang='lat' dir='ltr'>et</span> <span class='ocrx_word' id='word_1_32' title='bbox 1333 707 1411 771; x_wconf 92' lang='lat' dir='ltr'>deti·</span> 
     </span>
     <span class='ocr_line' id='line_1_5' title="bbox 257 813 1418 897; baseline -0.006 -19"><span class='ocrx_word' id='word_1_33' title='bbox 257 823 311 878; x_wconf 89' lang='lat' dir='ltr'>nct</span> <span class='ocrx_word' id='word_1_34' title='bbox 325 818 557 895; x_wconf 77' lang='lat' dir='ltr'>incunctanter,</span> <span class='ocrx_word' id='word_1_35' title='bbox 577 813 660 876; x_wconf 91' lang='lat' dir='ltr'>illius</span> <span class='ocrx_word' id='word_1_36' title='bbox 681 820 784 875; x_wconf 89' lang='lat' dir='ltr'>autem</span> <span class='ocrx_word' id='word_1_37' title='bbox 806 815 895 896; x_wconf 90' lang='lat' dir='ltr'>quasi</span> <span class='ocrx_word' id='word_1_38' title='bbox 910 813 1065 897; x_wconf 92' lang='lat' dir='ltr'>superssua</span> <span class='ocrx_word' id='word_1_39' title='bbox 1078 815 1124 876; x_wconf 91' lang='lat' dir='ltr'>ita</span> <span class='ocrx_word' id='word_1_40' title='bbox 1138 814 1283 875; x_wconf 86' lang='lat' dir='ltr'>aestimat</span> <span class='ocrx_word' id='word_1_41' title='bbox 1297 830 1367 873; x_wconf 88' lang='lat' dir='ltr'>osse</span> <span class='ocrx_word' id='word_1_42' title='bbox 1382 814 1418 890; x_wconf 63' lang='lat' dir='ltr'>et,</span> 
     </span>
     <span class='ocr_line' id='line_1_6' title="bbox 256 911 1410 1000; baseline -0.006 -19"><span class='ocrx_word' id='word_1_43' title='bbox 256 917 380 981; x_wconf 89' lang='lat' dir='ltr'>iudicat.</span> <span class='ocrx_word' id='word_1_44' title='bbox 403 918 487 981; x_wconf 90' lang='lat' dir='ltr'>llaec</span> <span class='ocrx_word' id='word_1_45' title='bbox 504 918 629 994; x_wconf 90' lang='lat' dir='ltr'>etenim,</span> <span class='ocrx_word' id='word_1_46' title='bbox 643 915 676 978; x_wconf 92' lang='lat' dir='ltr'>id</span> <span class='ocrx_word' id='word_1_47' title='bbox 692 924 740 978; x_wconf 92' lang='lat' dir='ltr'>est</span> <span class='ocrx_word' id='word_1_48' title='bbox 752 915 956 1000; x_wconf 79' lang='lat' dir='ltr'>Septuaginta</span> <span class='ocrx_word' id='word_1_49' title='bbox 970 916 1102 997; x_wconf 82' lang='lat' dir='ltr'>duorum</span> <span class='ocrx_word' id='word_1_50' title='bbox 1112 914 1340 998; x_wconf 84' lang='lat' dir='ltr'>interpretatio,</span> <span class='ocrx_word' id='word_1_51' title='bbox 1355 911 1410 975; x_wconf 93' lang='lat' dir='ltr'>sub</span> 
     </span>
     <span class='ocr_line' id='line_1_7' title="bbox 255 1015 1411 1102; baseline -0.006 -19"><span class='ocrx_word' id='word_1_52' title='bbox 255 1018 443 1084; x_wconf 84' lang='lat' dir='ltr'>Ptolemaeol</span> <span class='ocrx_word' id='word_1_53' title='bbox 464 1039 534 1100; x_wconf 86' lang='lat' dir='ltr'>rege</span> <span class='ocrx_word' id='word_1_54' title='bbox 555 1019 778 1102; x_wconf 86' lang='lat' dir='ltr'>Aegyptiorum</span> <span class='ocrx_word' id='word_1_55' title='bbox 804 1024 875 1101; x_wconf 91' lang='lat' dir='ltr'>post</span> <span class='ocrx_word' id='word_1_56' title='bbox 896 1018 1110 1082; x_wconf 82' lang='lat' dir='ltr'>Alexandrum</span> <span class='ocrx_word' id='word_1_57' title='bbox 1132 1015 1339 1081; x_wconf 85' lang='lat' dir='ltr'>Macedonem</span> <span class='ocrx_word' id='word_1_58' title='bbox 1364 1019 1411 1077; x_wconf 91' lang='lat' dir='ltr'>est</span> 
     </span>
     <span class='ocr_line' id='line_1_8' title="bbox 256 1116 1411 1204; baseline -0.005 -19"><span class='ocrx_word' id='word_1_59' title='bbox 256 1123 339 1185; x_wconf 89' lang='lat' dir='ltr'>edita</span> <span class='ocrx_word' id='word_1_60' title='bbox 354 1121 507 1201; x_wconf 87' lang='lat' dir='ltr'>omnibus,</span> <span class='ocrx_word' id='word_1_61' title='bbox 522 1120 695 1204; x_wconf 88' lang='lat' dir='ltr'>populoque</span> <span class='ocrx_word' id='word_1_62' title='bbox 712 1121 836 1184; x_wconf 89' lang='lat' dir='ltr'>ludaico</span> <span class='ocrx_word' id='word_1_63' title='bbox 851 1122 885 1182; x_wconf 95' lang='lat' dir='ltr'>in</span> <span class='ocrx_word' id='word_1_64' title='bbox 896 1121 1092 1184; x_wconf 86' lang='lat' dir='ltr'>Hierusalem</span> <span class='ocrx_word' id='word_1_65' title='bbox 1108 1119 1254 1199; x_wconf 80' lang='lat' dir='ltr'>dataest,</span> <span class='ocrx_word' id='word_1_66' title='bbox 1269 1138 1342 1181; x_wconf 89' lang='lat' dir='ltr'>cum</span> <span class='ocrx_word' id='word_1_67' title='bbox 1355 1116 1411 1180; x_wconf 92' lang='lat' dir='ltr'>ha-</span> 
     </span>
     <span class='ocr_line' id='line_1_9' title="bbox 256 1220 1410 1306; baseline -0.006 -18"><span class='ocrx_word' id='word_1_68' title='bbox 256 1226 392 1289; x_wconf 87' lang='lat' dir='ltr'>bitarent</span> <span class='ocrx_word' id='word_1_69' title='bbox 407 1245 469 1287; x_wconf 92' lang='lat' dir='ltr'>non</span> <span class='ocrx_word' id='word_1_70' title='bbox 484 1223 573 1285; x_wconf 91' lang='lat' dir='ltr'>multi</span> <span class='ocrx_word' id='word_1_71' title='bbox 590 1222 695 1286; x_wconf 87' lang='lat' dir='ltr'>ludaei</span> <span class='ocrx_word' id='word_1_72' title='bbox 710 1221 796 1285; x_wconf 92' lang='lat' dir='ltr'>velut</span> <span class='ocrx_word' id='word_1_73' title='bbox 810 1225 842 1285; x_wconf 91' lang='lat' dir='ltr'>in</span> <span class='ocrx_word' id='word_1_74' title='bbox 858 1222 1051 1286; x_wconf 85' lang='lat' dir='ltr'>subiectione</span> <span class='ocrx_word' id='word_1_75' title='bbox 1066 1225 1128 1285; x_wconf 91' lang='lat' dir='ltr'>iam</span> <span class='ocrx_word' id='word_1_76' title='bbox 1143 1222 1237 1306; x_wconf 90' lang='lat' dir='ltr'>positi</span> <span class='ocrx_word' id='word_1_77' title='bbox 1252 1222 1335 1302; x_wconf 87' lang='lat' dir='ltr'>regis</span> <span class='ocrx_word' id='word_1_78' title='bbox 1348 1220 1410 1283; x_wconf 92' lang='lat' dir='ltr'>Ae·</span> 
     </span>
     <span class='ocr_line' id='line_1_10' title="bbox 255 1322 1410 1410; baseline -0.003 -21"><span class='ocrx_word' id='word_1_79' title='bbox 255 1330 363 1410; x_wconf 80' lang='lat' dir='ltr'>gpptii,</span> <span class='ocrx_word' id='word_1_80' title='bbox 379 1328 536 1408; x_wconf 85' lang='lat' dir='ltr'>rogatique</span> <span class='ocrx_word' id='word_1_81' title='bbox 550 1324 588 1387; x_wconf 91' lang='lat' dir='ltr'>ab</span> <span class='ocrx_word' id='word_1_82' title='bbox 601 1327 667 1409; x_wconf 90' lang='lat' dir='ltr'>ipso</span> <span class='ocrx_word' id='word_1_83' title='bbox 679 1325 868 1404; x_wconf 90' lang='lat' dir='ltr'>Ptolemaeo,</span> <span class='ocrx_word' id='word_1_84' title='bbox 883 1331 918 1387; x_wconf 91' lang='lat' dir='ltr'>ut</span> <span class='ocrx_word' id='word_1_85' title='bbox 929 1327 1116 1409; x_wconf 88' lang='lat' dir='ltr'>interpretes</span> <span class='ocrx_word' id='word_1_86' title='bbox 1127 1326 1327 1387; x_wconf 86' lang='lat' dir='ltr'>mitterentur</span> <span class='ocrx_word' id='word_1_87' title='bbox 1337 1322 1410 1386; x_wconf 91' lang='lat' dir='ltr'>Ale·</span> 
     </span>
     <span class='ocr_line' id='line_1_11' title="bbox 254 1426 1409 1511; baseline -0.003 -20"><span class='ocrx_word' id='word_1_88' title='bbox 254 1429 425 1492; x_wconf 86' lang='lat' dir='ltr'>xandriam.</span> <span class='ocrx_word' id='word_1_89' title='bbox 450 1427 541 1503; x_wconf 78' lang='lat' dir='ltr'>¹⁵Quo</span> <span class='ocrx_word' id='word_1_90' title='bbox 557 1448 628 1489; x_wconf 90' lang='lat' dir='ltr'>cum</span> <span class='ocrx_word' id='word_1_91' title='bbox 643 1429 804 1491; x_wconf 89' lang='lat' dir='ltr'>venissent</span> <span class='ocrx_word' id='word_1_92' title='bbox 818 1426 1022 1511; x_wconf 83' lang='lat' dir='ltr'>Septuaginta</span> <span class='ocrx_word' id='word_1_93' title='bbox 1036 1426 1097 1491; x_wconf 90' lang='lat' dir='ltr'>duo</span> <span class='ocrx_word' id='word_1_94' title='bbox 1113 1428 1272 1510; x_wconf 85' lang='lat' dir='ltr'>sapientes</span> <span class='ocrx_word' id='word_1_95' title='bbox 1287 1448 1324 1488; x_wconf 87' lang='lat' dir='ltr'>ae</span> <span class='ocrx_word' id='word_1_96' title='bbox 1338 1444 1409 1508; x_wconf 93' lang='lat' dir='ltr'>prn-</span> 
     </span>
     <span class='ocr_line' id='line_1_12' title="bbox 255 1527 1410 1612; baseline -0.004 -17"><span class='ocrx_word' id='word_1_97' title='bbox 255 1530 364 1595; x_wconf 87' lang='lat' dir='ltr'>dentes</span> <span class='ocrx_word' id='word_1_98' title='bbox 379 1532 438 1593; x_wconf 85' lang='lat' dir='ltr'>vrri</span> <span class='ocrx_word' id='word_1_99' title='bbox 452 1532 654 1612; x_wconf 88' lang='lat' dir='ltr'>interpretes,</span> <span class='ocrx_word' id='word_1_100' title='bbox 669 1529 841 1593; x_wconf 88' lang='lat' dir='ltr'>secundum</span> <span class='ocrx_word' id='word_1_101' title='bbox 856 1532 976 1593; x_wconf 88' lang='lat' dir='ltr'>iussum</span> <span class='ocrx_word' id='word_1_102' title='bbox 990 1532 1071 1611; x_wconf 87' lang='lat' dir='ltr'>regis</span> <span class='ocrx_word' id='word_1_103' title='bbox 1086 1528 1260 1594; x_wconf 91' lang='lat' dir='ltr'>Hebraeam</span> <span class='ocrx_word' id='word_1_104' title='bbox 1274 1527 1410 1609; x_wconf 89' lang='lat' dir='ltr'>linguam</span> 
     </span>
     <span class='ocr_line' id='line_1_13' title="bbox 255 1630 1409 1715; baseline -0.003 -19"><span class='ocrx_word' id='word_1_105' title='bbox 255 1634 370 1697; x_wconf 86' lang='lat' dir='ltr'>Graeco</span> <span class='ocrx_word' id='word_1_106' title='bbox 387 1652 527 1695; x_wconf 84' lang='lat' dir='ltr'>sermone</span> <span class='ocrx_word' id='word_1_107' title='bbox 543 1634 736 1715; x_wconf 88' lang='lat' dir='ltr'>interpretati</span> <span class='ocrx_word' id='word_1_108' title='bbox 753 1633 878 1697; x_wconf 86' lang='lat' dir='ltr'>Graecis</span> <span class='ocrx_word' id='word_1_109' title='bbox 894 1631 1006 1694; x_wconf 89' lang='lat' dir='ltr'>litteris</span> <span class='ocrx_word' id='word_1_110' title='bbox 1022 1631 1197 1712; x_wconf 88' lang='lat' dir='ltr'>ediderunt,</span> <span class='ocrx_word' id='word_1_111' title='bbox 1212 1633 1308 1694; x_wconf 87' lang='lat' dir='ltr'>sicuti</span> <span class='ocrx_word' id='word_1_112' title='bbox 1322 1636 1356 1694; x_wconf 88' lang='lat' dir='ltr'>et</span> <span class='ocrx_word' id='word_1_113' title='bbox 1365 1630 1409 1692; x_wconf 86' lang='lat' dir='ltr'>la·</span> 
     </span>
     <span class='ocr_line' id='line_1_14' title="bbox 255 1732 1409 1818; baseline -0.004 -18"><span class='ocrx_word' id='word_1_114' title='bbox 255 1743 339 1800; x_wconf 89' lang='lat' dir='ltr'>etum</span> <span class='ocrx_word' id='word_1_115' title='bbox 354 1742 410 1798; x_wconf 88' lang='lat' dir='ltr'>est.</span> <span class='ocrx_word' id='word_1_116' title='bbox 434 1734 571 1816; x_wconf 84' lang='lat' dir='ltr'>Cumque</span> <span class='ocrx_word' id='word_1_117' title='bbox 587 1737 776 1818; x_wconf 83' lang='lat' dir='ltr'>suscepisset</span> <span class='ocrx_word' id='word_1_118' title='bbox 790 1755 843 1798; x_wconf 91' lang='lat' dir='ltr'>eos</span> <span class='ocrx_word' id='word_1_119' title='bbox 854 1732 1050 1798; x_wconf 85' lang='lat' dir='ltr'>Ptolemaeus</span> <span class='ocrx_word' id='word_1_120' title='bbox 1066 1754 1120 1797; x_wconf 90' lang='lat' dir='ltr'>rex</span> <span class='ocrx_word' id='word_1_121' title='bbox 1131 1733 1276 1818; x_wconf 84' lang='lat' dir='ltr'>Aegypti,</span> <span class='ocrx_word' id='word_1_122' title='bbox 1289 1737 1409 1795; x_wconf 88' lang='lat' dir='ltr'>tentare</span> 
     </span>
     <span class='ocr_line' id='line_1_15' title="bbox 254 1835 1408 1920; baseline -0.003 -20"><span class='ocrx_word' id='word_1_123' title='bbox 254 1838 360 1900; x_wconf 92' lang='lat' dir='ltr'>volens</span> <span class='ocrx_word' id='word_1_124' title='bbox 376 1839 403 1899; x_wconf 91' lang='lat' dir='ltr'>si</span> <span class='ocrx_word' id='word_1_125' title='bbox 418 1843 501 1900; x_wconf 88' lang='lat' dir='ltr'>esset</span> <span class='ocrx_word' id='word_1_126' title='bbox 516 1856 622 1899; x_wconf 89' lang='lat' dir='ltr'>eorum</span> <span class='ocrx_word' id='word_1_127' title='bbox 637 1835 743 1900; x_wconf 88' lang='lat' dir='ltr'>divina</span> <span class='ocrx_word' id='word_1_128' title='bbox 758 1839 910 1920; x_wconf 88' lang='lat' dir='ltr'>scriptura</span> <span class='ocrx_word' id='word_1_129' title='bbox 925 1856 1018 1919; x_wconf 90' lang='lat' dir='ltr'>quam</span> <span class='ocrx_word' id='word_1_130' title='bbox 1029 1835 1174 1919; x_wconf 91' lang='lat' dir='ltr'>legebant</span> <span class='ocrx_word' id='word_1_131' title='bbox 1185 1835 1304 1916; x_wconf 85' lang='lat' dir='ltr'>ludaei,</span> <span class='ocrx_word' id='word_1_132' title='bbox 1320 1854 1408 1918; x_wconf 88' lang='lat' dir='ltr'>sepa·</span> 
     </span>
     <span class='ocr_line' id='line_1_16' title="bbox 254 1937 1409 2022; baseline -0.003 -19"><span class='ocrx_word' id='word_1_133' title='bbox 254 1943 344 2003; x_wconf 90' lang='lat' dir='ltr'>ratim</span> <span class='ocrx_word' id='word_1_134' title='bbox 372 1948 550 2022; x_wconf 84' lang='lat' dir='ltr'>quemquem</span> <span class='ocrx_word' id='word_1_135' title='bbox 579 1941 669 2002; x_wconf 90' lang='lat' dir='ltr'>iussit</span> <span class='ocrx_word' id='word_1_136' title='bbox 695 1938 812 2002; x_wconf 91' lang='lat' dir='ltr'>includi</span> <span class='ocrx_word' id='word_1_137' title='bbox 841 1942 873 2002; x_wconf 94' lang='lat' dir='ltr'>in</span> <span class='ocrx_word' id='word_1_138' title='bbox 897 1938 1075 2003; x_wconf 85' lang='lat' dir='ltr'>cubiculum</span> <span class='ocrx_word' id='word_1_139' title='bbox 1097 1937 1283 2020; x_wconf 89' lang='lat' dir='ltr'>nullumque</span> <span class='ocrx_word' id='word_1_140' title='bbox 1305 1937 1409 2001; x_wconf 84' lang='lat' dir='ltr'>videre</span> 
     </span>
     <span class='ocr_line' id='line_1_17' title="bbox 253 2039 1408 2125; baseline -0.002 -20"><span class='ocrx_word' id='word_1_141' title='bbox 253 2043 348 2105; x_wconf 89' lang='lat' dir='ltr'>alium</span> <span class='ocrx_word' id='word_1_142' title='bbox 362 2043 423 2104; x_wconf 90' lang='lat' dir='ltr'>nisi</span> <span class='ocrx_word' id='word_1_143' title='bbox 439 2041 528 2105; x_wconf 81' lang='lat' dir='ltr'>1⁶solo</span> <span class='ocrx_word' id='word_1_144' title='bbox 544 2048 672 2124; x_wconf 90' lang='lat' dir='ltr'>excepto</span> <span class='ocrx_word' id='word_1_145' title='bbox 688 2052 743 2105; x_wconf 83' lang='lat' dir='ltr'>eo¹¹</span> <span class='ocrx_word' id='word_1_146' title='bbox 760 2043 812 2124; x_wconf 92' lang='lat' dir='ltr'>qui</span> <span class='ocrx_word' id='word_1_147' title='bbox 827 2043 1029 2125; x_wconf 88' lang='lat' dir='ltr'>interpretem</span> <span class='ocrx_word' id='word_1_148' title='bbox 1045 2043 1205 2125; x_wconf 86' lang='lat' dir='ltr'>exciperet</span> <span class='ocrx_word' id='word_1_149' title='bbox 1220 2039 1408 2116; x_wconf 84' lang='lat' dir='ltr'>dictantem3</span> 
     </span>
     <span class='ocr_line' id='line_1_18' title="bbox 254 2142 1408 2227; baseline -0.002 -19"><span class='ocrx_word' id='word_1_150' title='bbox 254 2147 452 2226; x_wconf 91' lang='lat' dir='ltr'>omniumque</span> <span class='ocrx_word' id='word_1_151' title='bbox 474 2145 629 2226; x_wconf 86' lang='lat' dir='ltr'>accipiens</span> <span class='ocrx_word' id='word_1_152' title='bbox 649 2149 760 2226; x_wconf 88' lang='lat' dir='ltr'>postea</span> <span class='ocrx_word' id='word_1_153' title='bbox 778 2145 1066 2227; x_wconf 86' lang='lat' dir='ltr'>interpretationem</span> <span class='ocrx_word' id='word_1_154' title='bbox 1087 2142 1225 2227; x_wconf 90' lang='lat' dir='ltr'>quotidie</span> <span class='ocrx_word' id='word_1_155' title='bbox 1246 2165 1320 2208; x_wconf 87' lang='lat' dir='ltr'>cum</span> <span class='ocrx_word' id='word_1_156' title='bbox 1337 2163 1408 2207; x_wconf 90' lang='lat' dir='ltr'>con·</span> 
     </span>
     <span class='ocr_line' id='line_1_19' title="bbox 253 2245 1408 2327; baseline -0.002 -17"><span class='ocrx_word' id='word_1_157' title='bbox 253 2250 440 2311; x_wconf 88' lang='lat' dir='ltr'>sentientem</span> <span class='ocrx_word' id='word_1_158' title='bbox 453 2248 487 2309; x_wconf 94' lang='lat' dir='ltr'>in</span> <span class='ocrx_word' id='word_1_159' title='bbox 502 2266 597 2308; x_wconf 93' lang='lat' dir='ltr'>unum</span> <span class='ocrx_word' id='word_1_160' title='bbox 613 2247 768 2308; x_wconf 87' lang='lat' dir='ltr'>inveniret</span> <span class='ocrx_word' id='word_1_161' title='bbox 782 2245 952 2310; x_wconf 89' lang='lat' dir='ltr'>editionem</span> <span class='ocrx_word' id='word_1_162' title='bbox 968 2249 1122 2327; x_wconf 90' lang='lat' dir='ltr'>omnium,</span> <span class='ocrx_word' id='word_1_163' title='bbox 1141 2248 1235 2310; x_wconf 90' lang='lat' dir='ltr'>iussit</span> <span class='ocrx_word' id='word_1_164' title='bbox 1255 2246 1408 2311; x_wconf 89' lang='lat' dir='ltr'>conscribi</span> 
     </span>
     <span class='ocr_line' id='line_1_20' title="bbox 253 2345 1408 2434; baseline -0.001 -22"><span class='ocrx_word' id='word_1_165' title='bbox 253 2357 345 2433; x_wconf 87' lang='lat' dir='ltr'>atque</span> <span class='ocrx_word' id='word_1_166' title='bbox 359 2352 434 2434; x_wconf 93' lang='lat' dir='ltr'>poni</span> <span class='ocrx_word' id='word_1_167' title='bbox 448 2351 481 2412; x_wconf 91' lang='lat' dir='ltr'>in</span> <span class='ocrx_word' id='word_1_168' title='bbox 495 2348 680 2432; x_wconf 80' lang='lat' dir='ltr'>templum0,</span> <span class='ocrx_word' id='word_1_169' title='bbox 701 2355 736 2411; x_wconf 92' lang='lat' dir='ltr'>nt</span> <span class='ocrx_word' id='word_1_170' title='bbox 749 2350 948 2414; x_wconf 87' lang='lat' dir='ltr'>venientibus</span> <span class='ocrx_word' id='word_1_171' title='bbox 968 2348 1006 2412; x_wconf 91' lang='lat' dir='ltr'>de</span> <span class='ocrx_word' id='word_1_172' title='bbox 1021 2349 1174 2429; x_wconf 72' lang='lat' dir='ltr'>Achaiae,</span> <span class='ocrx_word' id='word_1_173' title='bbox 1194 2345 1265 2412; x_wconf 66' lang='lat' dir='ltr'>1&#39;de</span> <span class='ocrx_word' id='word_1_174' title='bbox 1281 2348 1408 2413; x_wconf 84' lang='lat' dir='ltr'>Graecia</span> 
     </span>
     <span class='ocr_line' id='line_1_21' title="bbox 252 2442 1407 2536; baseline -0.001 -21"><span class='ocrx_word' id='word_1_175' title='bbox 252 2461 344 2535; x_wconf 91' lang='lat' dir='ltr'>atque</span> <span class='ocrx_word' id='word_1_176' title='bbox 360 2452 429 2514; x_wconf 88' lang='lat' dir='ltr'>aliis</span> <span class='ocrx_word' id='word_1_177' title='bbox 443 2452 611 2535; x_wconf 88' lang='lat' dir='ltr'>provinciis</span> <span class='ocrx_word' id='word_1_178' title='bbox 626 2451 829 2534; x_wconf 89' lang='lat' dir='ltr'>philosophis,</span> <span class='ocrx_word' id='word_1_179' title='bbox 843 2454 945 2536; x_wconf 72' lang='lat' dir='ltr'>poetis</span> <span class='ocrx_word' id='word_1_180' title='bbox 961 2457 993 2514; x_wconf 89' lang='lat' dir='ltr'>et</span> <span class='ocrx_word' id='word_1_181' title='bbox 1006 2442 1263 2535; x_wconf 81' lang='lat' dir='ltr'>historiographis</span> <span class='ocrx_word' id='word_1_182' title='bbox 1281 2453 1407 2536; x_wconf 89' lang='lat' dir='ltr'>cupien-</span> 
     </span>
     <span class='ocr_line' id='line_1_22' title="bbox 173 2541 1407 2637; baseline 0.002 -21"><span class='ocrx_word' id='word_1_183' title='bbox 173 2541 175 2545; x_wconf 54' lang='grc'>’</span> <span class='ocrx_word' id='word_1_184' title='bbox 251 2556 336 2619; x_wconf 90' lang='lat' dir='ltr'>tibus</span> <span class='ocrx_word' id='word_1_185' title='bbox 351 2553 474 2636; x_wconf 89' lang='lat' dir='ltr'>legendi</span> <span class='ocrx_word' id='word_1_186' title='bbox 490 2555 578 2637; x_wconf 90' lang='lat' dir='ltr'>eopia</span> <span class='ocrx_word' id='word_1_187' title='bbox 591 2574 654 2616; x_wconf 91' lang='lat' dir='ltr'>non</span> <span class='ocrx_word' id='word_1_188' title='bbox 670 2560 843 2636; x_wconf 87' lang='lat' dir='ltr'>negaretur.</span> <span class='ocrx_word' id='word_1_189' title='bbox 865 2553 956 2619; x_wconf 92' lang='lat' dir='ltr'>Unde</span> <span class='ocrx_word' id='word_1_190' title='bbox 973 2560 1004 2617; x_wconf 89' lang='lat' dir='ltr'>et</span> <span class='ocrx_word' id='word_1_191' title='bbox 1014 2555 1148 2618; x_wconf 87' lang='lat' dir='ltr'>maxime</span> <span class='ocrx_word' id='word_1_192' title='bbox 1160 2559 1348 2637; x_wconf 89' lang='lat' dir='ltr'>argumenta</span> <span class='ocrx_word' id='word_1_193' title='bbox 1359 2572 1407 2619; x_wconf 86' lang='lat' dir='ltr'>su·</span> 
     </span>
    </p>
   </div>
   <div class='ocr_carea' id='block_1_3' title="bbox 252 2704 1410 2895">
    <p class='ocr_par' dir='ltr' id='par_1_3' title="bbox 252 2704 1410 2895">
     <span class='ocr_line' id='line_1_23' title="bbox 322 2704 1408 2776; baseline -0.003 -20"><span class='ocrx_word' id='word_1_194' title='bbox 322 2705 359 2757; x_wconf 87' lang='lat'>13.</span> <span class='ocrx_word' id='word_1_195' title='bbox 378 2705 469 2756; x_wconf 82' lang='lat' dir='ltr'>dextra</span> <span class='ocrx_word' id='word_1_196' title='bbox 485 2705 609 2774; x_wconf 87' lang='lat' dir='ltr'>laevaque</span> <span class='ocrx_word' id='word_1_197' title='bbox 624 2706 659 2758; x_wconf 81' lang='lat' dir='ltr'>A.</span> <span class='ocrx_word' id='word_1_198' title='bbox 712 2705 751 2757; x_wconf 64' lang='lat' dir='ltr'>lh</span> <span class='ocrx_word' id='word_1_199' title='bbox 766 2706 909 2758; x_wconf 83' lang='lat' dir='ltr'>contrariae</span> <span class='ocrx_word' id='word_1_200' title='bbox 924 2712 950 2757; x_wconf 90' lang='lat' dir='ltr'>et</span> <span class='ocrx_word' id='word_1_201' title='bbox 967 2723 1019 2760; x_wconf 92' lang='lat' dir='ltr'>non</span> <span class='ocrx_word' id='word_1_202' title='bbox 1032 2707 1124 2776; x_wconf 90' lang='lat' dir='ltr'>plenae</span> <span class='ocrx_word' id='word_1_203' title='bbox 1138 2706 1212 2771; x_wconf 65' lang='lat' dir='ltr'>(Ah.</span> <span class='ocrx_word' id='word_1_204' title='bbox 1267 2704 1309 2759; x_wconf 76' lang='lat'>15.</span> <span class='ocrx_word' id='word_1_205' title='bbox 1320 2704 1408 2768; x_wconf 71' lang='lat' dir='ltr'>Quin.</span> 
     </span>
     <span class='ocr_line' id='line_1_24' title="bbox 252 2772 1410 2895; baseline 0 -70"><span class='ocrx_word' id='word_1_206' title='bbox 252 2775 562 2895; x_wconf 27' lang='lat' dir='ltr'>aspiciam-exceptorem</span> <span class='ocrx_word' id='word_1_207' title='bbox 574 2774 609 2826; x_wconf 79' lang='lat' dir='ltr'>A.</span> <span class='ocrx_word' id='word_1_208' title='bbox 662 2773 701 2826; x_wconf 83' lang='lat'>17.</span> <span class='ocrx_word' id='word_1_209' title='bbox 714 2772 745 2826; x_wconf 90' lang='lat' dir='ltr'>de</span> <span class='ocrx_word' id='word_1_210' title='bbox 756 2772 865 2827; x_wconf 84' lang='lat' dir='ltr'>Graecia</span> <span class='ocrx_word' id='word_1_211' title='bbox 876 2793 922 2827; x_wconf 86' lang='lat' dir='ltr'>om.</span> <span class='ocrx_word' id='word_1_212' title='bbox 932 2792 954 2828; x_wconf 88' lang='lat' dir='ltr'>c.</span> <span class='ocrx_word' id='word_1_213' title='bbox 978 2773 1031 2827; x_wconf 86' lang='lat' dir='ltr'>Pro</span> <span class='ocrx_word' id='word_1_214' title='bbox 1043 2777 1191 2843; x_wconf 75' lang='lat' dir='ltr'>glossemate</span> <span class='ocrx_word' id='word_1_215' title='bbox 1208 2778 1275 2826; x_wconf 80' lang='lat' dir='ltr'>enim</span> <span class='ocrx_word' id='word_1_216' title='bbox 1294 2776 1410 2845; x_wconf 72' lang='lat' dir='ltr'>expunxit</span> 
     </span>
    </p>
   </div>
   <div class='ocr_carea' id='block_1_4' title="bbox 207 2960 1412 4672">
    <p class='ocr_par' dir='ltr' id='par_1_4' title="bbox 207 2960 1410 3998">
     <span class='ocr_line' id='line_1_25' title="bbox 285 2960 1409 3031; baseline 0 -18"><span class='ocrx_word' id='word_1_217' title='bbox 285 2963 303 3015; x_wconf 92' lang='lat' dir='ltr'>l.</span> <span class='ocrx_word' id='word_1_218' title='bbox 322 2962 371 3013; x_wconf 91' lang='lat' dir='ltr'>sub</span> <span class='ocrx_word' id='word_1_219' title='bbox 387 2960 533 3013; x_wconf 87' lang='lat' dir='ltr'>Ptolemaeo</span> <span class='ocrx_word' id='word_1_220' title='bbox 574 2960 751 3031; x_wconf 88' lang='lat' dir='ltr'>Philadelpho,</span> <span class='ocrx_word' id='word_1_221' title='bbox 772 2962 804 3015; x_wconf 87' lang='lat' dir='ltr'>de</span> <span class='ocrx_word' id='word_1_222' title='bbox 855 2962 903 3014; x_wconf 89' lang='lat' dir='ltr'>sis:</span> <span class='ocrx_word' id='word_1_223' title='bbox 924 2961 1318 3027; x_wconf 83' lang='lat' dir='ltr'>,Notaruminecribendoeem</span> <span class='ocrx_word' id='word_1_224' title='bbox 1352 2961 1409 3015; x_wconf 84' lang='lat' dir='ltr'>ndia</span> 
     </span>
     <span class='ocr_line' id='line_1_26' title="bbox 253 3029 1409 3099; baseline 0 -17"><span class='ocrx_word' id='word_1_225' title='bbox 253 3047 303 3097; x_wconf 91' lang='lat' dir='ltr'>quo</span> <span class='ocrx_word' id='word_1_226' title='bbox 318 3030 431 3082; x_wconf 84' lang='lat' dir='ltr'>Aristeas</span> <span class='ocrx_word' id='word_1_227' title='bbox 452 3029 528 3098; x_wconf 75' lang='lat' dir='ltr'>lllpip</span> <span class='ocrx_word' id='word_1_228' title='bbox 548 3031 606 3081; x_wconf 89' lang='lat' dir='ltr'>anio</span> <span class='ocrx_word' id='word_1_229' title='bbox 624 3031 653 3084; x_wconf 87' lang='lat' dir='ltr'>T.</span> <span class='ocrx_word' id='word_1_230' title='bbox 666 3029 689 3083; x_wconf 73' lang='lat'>2.</span> <span class='ocrx_word' id='word_1_231' title='bbox 706 3046 732 3099; x_wconf 90' lang='lat' dir='ltr'>p.</span> <span class='ocrx_word' id='word_1_232' title='bbox 747 3029 803 3084; x_wconf 85' lang='grc'><strong>166.</strong></span> <span class='ocrx_word' id='word_1_233' title='bbox 855 3037 881 3082; x_wconf 89' lang='lat' dir='ltr'>et</span> <span class='ocrx_word' id='word_1_234' title='bbox 897 3030 996 3097; x_wconf 86' lang='lat' dir='ltr'>figuras</span> <span class='ocrx_word' id='word_1_235' title='bbox 1012 3031 1099 3082; x_wconf 81' lang='lat' dir='ltr'>varias</span> <span class='ocrx_word' id='word_1_236' title='bbox 1115 3030 1253 3083; x_wconf 84' lang='lat' dir='ltr'>verborum</span> <span class='ocrx_word' id='word_1_237' title='bbox 1268 3047 1297 3083; x_wconf 91' lang='lat' dir='ltr'>m</span> <span class='ocrx_word' id='word_1_238' title='bbox 1326 3029 1409 3083; x_wconf 88' lang='lat' dir='ltr'>titudi-</span> 
     </span>
     <span class='ocr_line' id='line_1_27' title="bbox 251 3096 1409 3168; baseline 0.003 -20"><span class='ocrx_word' id='word_1_239' title='bbox 251 3097 397 3166; x_wconf 66' lang='grc' dir='ltr'><strong>Ἀρισταῖος)</strong></span> <span class='ocrx_word' id='word_1_240' title='bbox 415 3104 492 3166; x_wconf 87' lang='lat' dir='ltr'>atque</span> <span class='ocrx_word' id='word_1_241' title='bbox 509 3115 542 3149; x_wconf 89' lang='lat' dir='ltr'>ex</span> <span class='ocrx_word' id='word_1_242' title='bbox 561 3115 590 3151; x_wconf 90' lang='lat' dir='ltr'>eo</span> <span class='ocrx_word' id='word_1_243' title='bbox 605 3097 730 3168; x_wconf 89' lang='lat' dir='ltr'>Iosephus</span> <span class='ocrx_word' id='word_1_244' title='bbox 740 3097 804 3154; x_wconf 79' lang='lat' dir='ltr'>Xll.</span> <span class='ocrx_word' id='word_1_245' title='bbox 855 3115 915 3150; x_wconf 88' lang='lat' dir='ltr'>nem</span> <span class='ocrx_word' id='word_1_246' title='bbox 927 3096 1171 3168; x_wconf 84' lang='lat' dir='ltr'>comprehendentes</span> <span class='ocrx_word' id='word_1_247' title='bbox 1187 3099 1261 3151; x_wconf 77' lang='lat' dir='ltr'>breui</span> <span class='ocrx_word' id='word_1_248' title='bbox 1276 3102 1409 3152; x_wconf 65' lang='lat' dir='ltr'>uacuus</span> 
     </span>
     <span class='ocr_line' id='line_1_28' title="bbox 207 3164 1409 3248; baseline 0.002 -32"><span class='ocrx_word' id='word_1_249' title='bbox 207 3222 209 3229; x_wconf 54' lang='grc'><strong>,</strong></span> <span class='ocrx_word' id='word_1_250' title='bbox 252 3166 275 3219; x_wconf 79' lang='lat'>2.</span> <span class='ocrx_word' id='word_1_251' title='bbox 289 3167 378 3218; x_wconf 89' lang='lat' dir='ltr'>etalii.</span> <span class='ocrx_word' id='word_1_252' title='bbox 413 3167 468 3244; x_wconf 51' lang='grc' dir='ltr'><em>(ξ’.)</em></span> <span class='ocrx_word' id='word_1_253' title='bbox 854 3167 1190 3248; x_wconf 32' lang='grc' dir='ltr'>ἰηιοκοερῒιοῐυωιιιυιιιοῐρ</span> <span class='ocrx_word' id='word_1_254' title='bbox 1207 3164 1342 3247; x_wconf 78' lang='lat' dir='ltr'>dedicatus</span> <span class='ocrx_word' id='word_1_255' title='bbox 1359 3166 1409 3219; x_wconf 91' lang='lat' dir='ltr'>eni·</span> 
     </span>
     <span class='ocr_line' id='line_1_29' title="bbox 251 3234 1409 3383; baseline 0.001 -29"><span class='ocrx_word' id='word_1_256' title='bbox 251 3234 805 3383; x_wconf 61' lang='lat' dir='ltr'>..taldithttthqtttttttt</span> <span class='ocrx_word' id='word_1_257' title='bbox 838 3236 1409 3374; x_wconf 55' lang='lat' dir='ltr'>·ittttttttttffltttttttt</span> 
     </span>
     <span class='ocr_line' id='line_1_30' title="bbox 251 3368 1409 3433; baseline 0.003 -11"><span class='ocrx_word' id='word_1_258' title='bbox 251 3370 421 3422; x_wconf 80' lang='lat' dir='ltr'>Alexandriae</span> <span class='ocrx_word' id='word_1_259' title='bbox 432 3377 583 3433; x_wconf 83' lang='lat' dir='ltr'>versaretur,</span> <span class='ocrx_word' id='word_1_260' title='bbox 592 3372 619 3422; x_wconf 94' lang='lat' dir='ltr'>in</span> <span class='ocrx_word' id='word_1_261' title='bbox 629 3372 713 3423; x_wconf 80' lang='lat' dir='ltr'>vicina</span> <span class='ocrx_word' id='word_1_262' title='bbox 721 3370 803 3425; x_wconf 88' lang='lat' dir='ltr'>Pharo</span> <span class='ocrx_word' id='word_1_263' title='bbox 856 3372 949 3426; x_wconf 85' lang='lat' dir='ltr'>ctare.”</span> <span class='ocrx_word' id='word_1_264' title='bbox 977 3371 1010 3424; x_wconf 84' lang='lat' dir='ltr'>Et</span> <span class='ocrx_word' id='word_1_265' title='bbox 1028 3371 1057 3424; x_wconf 90' lang='lat' dir='ltr'>V.</span> <span class='ocrx_word' id='word_1_266' title='bbox 1070 3371 1101 3423; x_wconf 85' lang='lat' dir='ltr'>B.</span> <span class='ocrx_word' id='word_1_267' title='bbox 1117 3371 1224 3425; x_wconf 80' lang='lat' dir='ltr'>Antonii</span> <span class='ocrx_word' id='word_1_268' title='bbox 1235 3371 1359 3425; x_wconf 85' lang='lat' dir='ltr'>monaehi</span> <span class='ocrx_word' id='word_1_269' title='bbox 1369 3368 1409 3425; x_wconf 76' lang='lat' dir='ltr'>ti·</span> 
     </span>
     <span class='ocr_line' id='line_1_31' title="bbox 250 3439 1409 3505; baseline 0.001 -14"><span class='ocrx_word' id='word_1_270' title='bbox 250 3440 343 3503; x_wconf 86' lang='lat' dir='ltr'>insula,</span> <span class='ocrx_word' id='word_1_271' title='bbox 355 3443 498 3489; x_wconf 89' lang='lat' dir='ltr'>monstrata</span> <span class='ocrx_word' id='word_1_272' title='bbox 508 3439 559 3490; x_wconf 88' lang='lat' dir='ltr'>sihi</span> <span class='ocrx_word' id='word_1_273' title='bbox 570 3444 680 3490; x_wconf 88' lang='lat' dir='ltr'>testatur</span> <span class='ocrx_word' id='word_1_274' title='bbox 690 3439 804 3493; x_wconf 86' lang='lat' dir='ltr'>lustinus</span> <span class='ocrx_word' id='word_1_275' title='bbox 855 3440 977 3493; x_wconf 87' lang='lat' dir='ltr'>rinensis:</span> <span class='ocrx_word' id='word_1_276' title='bbox 998 3439 1159 3505; x_wconf 80' lang='lat' dir='ltr'>,Constantii</span> <span class='ocrx_word' id='word_1_277' title='bbox 1168 3439 1292 3493; x_wconf 81' lang='lat' dir='ltr'>antistitis</span> <span class='ocrx_word' id='word_1_278' title='bbox 1304 3456 1337 3493; x_wconf 83' lang='lat' dir='ltr'>ea</span> <span class='ocrx_word' id='word_1_279' title='bbox 1347 3446 1409 3492; x_wconf 82' lang='lat' dir='ltr'>tem·</span> 
     </span>
     <span class='ocr_line' id='line_1_32' title="bbox 250 3505 1409 3579; baseline 0.001 -19"><span class='ocrx_word' id='word_1_280' title='bbox 250 3509 349 3576; x_wconf 80' lang='lat' dir='ltr'>Martyr</span> <span class='ocrx_word' id='word_1_281' title='bbox 357 3505 486 3559; x_wconf 75' lang='lat' dir='ltr'>(lohortat.</span> <span class='ocrx_word' id='word_1_282' title='bbox 497 3506 529 3557; x_wconf 90' lang='lat' dir='ltr'>ad</span> <span class='ocrx_word' id='word_1_283' title='bbox 536 3505 649 3559; x_wconf 85' lang='lat' dir='ltr'>Graecos</span> <span class='ocrx_word' id='word_1_284' title='bbox 656 3524 680 3577; x_wconf 94' lang='lat' dir='ltr'>p.</span> <span class='ocrx_word' id='word_1_285' title='bbox 690 3507 738 3571; x_wconf 74' lang='lat'>14,</span> <span class='ocrx_word' id='word_1_286' title='bbox 750 3524 804 3560; x_wconf 90' lang='lat' dir='ltr'>ma·</span> <span class='ocrx_word' id='word_1_287' title='bbox 854 3514 954 3578; x_wconf 89' lang='lat' dir='ltr'>pestate</span> <span class='ocrx_word' id='word_1_288' title='bbox 964 3506 1143 3561; x_wconf 86' lang='lat' dir='ltr'>florentissimi</span> <span class='ocrx_word' id='word_1_289' title='bbox 1156 3508 1261 3561; x_wconf 83' lang='lat' dir='ltr'>iunctus</span> <span class='ocrx_word' id='word_1_290' title='bbox 1278 3508 1409 3579; x_wconf 78' lang='lat' dir='ltr'>obsequiis</span> 
     </span>
     <span class='ocr_line' id='line_1_33' title="bbox 250 3574 1410 3657; baseline 0.001 -29"><span class='ocrx_word' id='word_1_291' title='bbox 250 3576 415 3629; x_wconf 84' lang='lat' dir='ltr'>minitetiam</span> <span class='ocrx_word' id='word_1_292' title='bbox 429 3574 549 3627; x_wconf 85' lang='lat' dir='ltr'>Irenaeus</span> <span class='ocrx_word' id='word_1_293' title='bbox 562 3574 604 3628; x_wconf 92' lang='lat' dir='ltr'>lll.</span> <span class='ocrx_word' id='word_1_294' title='bbox 618 3575 658 3626; x_wconf 80' lang='lat' dir='ltr'>se.</span> <span class='ocrx_word' id='word_1_295' title='bbox 685 3575 803 3629; x_wconf 80' lang='lat' dir='ltr'>Clemens</span> <span class='ocrx_word' id='word_1_296' title='bbox 872 3577 975 3629; x_wconf 87' lang='lat' dir='ltr'>loriosis</span> <span class='ocrx_word' id='word_1_297' title='bbox 987 3577 1108 3657; x_wconf 86' lang='lat' dir='ltr'>operibns</span> <span class='ocrx_word' id='word_1_298' title='bbox 1123 3576 1192 3629; x_wconf 80' lang='lat' dir='ltr'>vitae</span> <span class='ocrx_word' id='word_1_299' title='bbox 1208 3574 1359 3629; x_wconf 74' lang='lat' dir='ltr'>rudimenta</span> <span class='ocrx_word' id='word_1_300' title='bbox 1368 3576 1410 3629; x_wconf 88' lang='lat' dir='ltr'>de·</span> 
     </span>
     <span class='ocr_line' id='line_1_34' title="bbox 249 3592 1409 3715; baseline 0.001 -19"><span class='ocrx_word' id='word_1_301' title='bbox 249 3646 324 3698; x_wconf 89' lang='lat' dir='ltr'>Alex.</span> <span class='ocrx_word' id='word_1_302' title='bbox 339 3646 360 3697; x_wconf 90' lang='lat' dir='ltr'>l.</span> <span class='ocrx_word' id='word_1_303' title='bbox 378 3644 473 3696; x_wconf 85' lang='lat' dir='ltr'>Strom.</span> <span class='ocrx_word' id='word_1_304' title='bbox 485 3644 506 3696; x_wconf 95' lang='lat' dir='ltr'>l.</span> <span class='ocrx_word' id='word_1_305' title='bbox 516 3660 540 3711; x_wconf 92' lang='lat' dir='ltr'>p.</span> <span class='ocrx_word' id='word_1_306' title='bbox 550 3643 607 3696; x_wconf 74' lang='lat'>342.</span> <span class='ocrx_word' id='word_1_307' title='bbox 626 3642 735 3710; x_wconf 82' lang='lat' dir='ltr'>Gyrillus</span> <span class='ocrx_word' id='word_1_308' title='bbox 744 3645 804 3697; x_wconf 91' lang='lat' dir='ltr'>Hie·</span> <span class='ocrx_word' id='word_1_309' title='bbox 855 3592 957 3709; x_wconf 70' lang='lat' dir='ltr'>dicarit,</span> <span class='ocrx_word' id='word_1_310' title='bbox 970 3660 1015 3715; x_wconf 90' lang='lat' dir='ltr'>qm</span> <span class='ocrx_word' id='word_1_311' title='bbox 1026 3661 1086 3697; x_wconf 90' lang='lat' dir='ltr'>eum</span> <span class='ocrx_word' id='word_1_312' title='bbox 1095 3645 1161 3697; x_wconf 87' lang='lat' dir='ltr'>inter</span> <span class='ocrx_word' id='word_1_313' title='bbox 1170 3644 1409 3698; x_wconf 79' lang='lat' dir='ltr'>ecelesiasticosex·</span> 
     </span>
     <span class='ocr_line' id='line_1_35' title="bbox 249 3710 1409 3792; baseline -0.002 -25"><span class='ocrx_word' id='word_1_314' title='bbox 249 3714 326 3767; x_wconf 90' lang='lat' dir='ltr'>rosol.</span> <span class='ocrx_word' id='word_1_315' title='bbox 338 3713 433 3792; x_wconf 90' lang='lat' dir='ltr'>aliique</span> <span class='ocrx_word' id='word_1_316' title='bbox 446 3728 556 3781; x_wconf 90' lang='lat' dir='ltr'>quorum</span> <span class='ocrx_word' id='word_1_317' title='bbox 567 3712 624 3763; x_wconf 87' lang='lat' dir='ltr'>loca</span> <span class='ocrx_word' id='word_1_318' title='bbox 636 3710 717 3775; x_wconf 83' lang='lat' dir='ltr'>affert,</span> <span class='ocrx_word' id='word_1_319' title='bbox 729 3712 803 3765; x_wconf 89' lang='lat' dir='ltr'>fabu-</span> <span class='ocrx_word' id='word_1_320' title='bbox 853 3721 969 3783; x_wconf 86' lang='lat' dir='ltr'>captores</span> <span class='ocrx_word' id='word_1_321' title='bbox 987 3715 1124 3766; x_wconf 85' lang='lat' dir='ltr'>caelestem</span> <span class='ocrx_word' id='word_1_322' title='bbox 1139 3713 1260 3765; x_wconf 86' lang='lat' dir='ltr'>militiam</span> <span class='ocrx_word' id='word_1_323' title='bbox 1275 3712 1356 3767; x_wconf 80' lang='lat' dir='ltr'>iussit</span> <span class='ocrx_word' id='word_1_324' title='bbox 1371 3728 1409 3765; x_wconf 90' lang='lat' dir='ltr'>or·</span> 
     </span>
     <span class='ocr_line' id='line_1_36' title="bbox 249 3780 1410 3851; baseline 0.001 -17"><span class='ocrx_word' id='word_1_325' title='bbox 249 3784 353 3850; x_wconf 90' lang='lat' dir='ltr'>lamque</span> <span class='ocrx_word' id='word_1_326' title='bbox 368 3781 464 3832; x_wconf 86' lang='lat' dir='ltr'>Hreron</span> <span class='ocrx_word' id='word_1_327' title='bbox 483 3797 526 3831; x_wconf 94' lang='lat' dir='ltr'>mo</span> <span class='ocrx_word' id='word_1_328' title='bbox 547 3781 626 3831; x_wconf 89' lang='lat' dir='ltr'>etiam</span> <span class='ocrx_word' id='word_1_329' title='bbox 660 3780 741 3832; x_wconf 88' lang='lat' dir='ltr'>ridem</span> <span class='ocrx_word' id='word_1_330' title='bbox 758 3797 802 3833; x_wconf 86' lang='lat' dir='ltr'>ex·</span> <span class='ocrx_word' id='word_1_331' title='bbox 853 3781 925 3834; x_wconf 88' lang='lat' dir='ltr'>diri.&#39;&#39;</span> <span class='ocrx_word' id='word_1_332' title='bbox 953 3781 1105 3851; x_wconf 82' lang='lat' dir='ltr'>Exceptoris</span> <span class='ocrx_word' id='word_1_333' title='bbox 1120 3780 1236 3835; x_wconf 80' lang='lat' dir='ltr'>officinm</span> <span class='ocrx_word' id='word_1_334' title='bbox 1251 3788 1410 3835; x_wconf 77' lang='lat' dir='ltr'>memoratus</span> 
     </span>
     <span class='ocr_line' id='line_1_37' title="bbox 250 3796 1374 3920; baseline 0.002 -19"><span class='ocrx_word' id='word_1_335' title='bbox 250 3852 351 3918; x_wconf 87' lang='lat' dir='ltr'>plosam</span> <span class='ocrx_word' id='word_1_336' title='bbox 363 3850 446 3901; x_wconf 90' lang='lat' dir='ltr'>reiicit</span> <span class='ocrx_word' id='word_1_337' title='bbox 456 3796 612 3901; x_wconf 79' lang='lat' dir='ltr'>llumfredns</span> <span class='ocrx_word' id='word_1_338' title='bbox 648 3848 802 3917; x_wconf 80' lang='lat' dir='ltr'>odyinlau-</span> <span class='ocrx_word' id='word_1_339' title='bbox 852 3848 1193 3919; x_wconf 73' lang='lat' dir='ltr'>inMartyrolog.25.Au.</span> <span class='ocrx_word' id='word_1_340' title='bbox 1228 3848 1374 3920; x_wconf 65' lang='lat' dir='ltr'>(Galeam.)</span> 
     </span>
     <span class='ocr_line' id='line_1_38' title="bbox 250 3916 1409 3998; baseline 0.004 -30"><span class='ocrx_word' id='word_1_341' title='bbox 250 3919 310 3971; x_wconf 88' lang='lat' dir='ltr'>dato</span> <span class='ocrx_word' id='word_1_342' title='bbox 322 3935 399 3998; x_wconf 87' lang='lat' dir='ltr'>opere</span> <span class='ocrx_word' id='word_1_343' title='bbox 411 3935 437 3986; x_wconf 93' lang='lat' dir='ltr'>p.</span> <span class='ocrx_word' id='word_1_344' title='bbox 454 3916 509 3969; x_wconf 84' lang='lat'>138.</span> <span class='ocrx_word' id='word_1_345' title='bbox 521 3934 576 3986; x_wconf 87' lang='lat' dir='ltr'>seq.</span> <span class='ocrx_word' id='word_1_346' title='bbox 612 3916 667 3981; x_wconf 87' lang='lat' dir='ltr'>(F.)</span> <span class='ocrx_word' id='word_1_347' title='bbox 887 3936 912 3972; x_wconf 90' lang='grc' dir='ltr'>ο.</span> <span class='ocrx_word' id='word_1_348' title='bbox 950 3919 1032 3971; x_wconf 90' lang='lat' dir='ltr'>oniin</span> <span class='ocrx_word' id='word_1_349' title='bbox 1048 3918 1174 3988; x_wconf 89' lang='lat' dir='ltr'>templum</span> <span class='ocrx_word' id='word_1_350' title='bbox 1207 3916 1368 3988; x_wconf 76' lang='lat' dir='ltr'>Serapeum,</span> <span class='ocrx_word' id='word_1_351' title='bbox 1382 3918 1409 3972; x_wconf 84' lang='lat' dir='ltr'>in</span> 
     </span>
    </p>

    <p class='ocr_par' dir='ltr' id='par_1_5' title="bbox 283 3936 1411 4055">
     <span class='ocr_line' id='line_1_39' title="bbox 283 3936 1411 4055; baseline 0.004 -18"><span class='ocrx_word' id='word_1_352' title='bbox 283 4004 309 4037; x_wconf 91' lang='lat' dir='ltr'>n.</span> <span class='ocrx_word' id='word_1_353' title='bbox 327 3987 378 4039; x_wconf 85' lang='lat' dir='ltr'>ursi</span> <span class='ocrx_word' id='word_1_354' title='bbox 394 3988 450 4038; x_wconf 92' lang='lat' dir='ltr'>solo</span> <span class='ocrx_word' id='word_1_355' title='bbox 463 3992 572 4055; x_wconf 88' lang='lat' dir='ltr'>excepto</span> <span class='ocrx_word' id='word_1_356' title='bbox 585 3984 626 4054; x_wconf 92' lang='lat' dir='ltr'>eo]</span> <span class='ocrx_word' id='word_1_357' title='bbox 654 3985 696 4037; x_wconf 88' lang='lat' dir='ltr'>Sic</span> <span class='ocrx_word' id='word_1_358' title='bbox 707 3983 805 4039; x_wconf 87' lang='lat' dir='ltr'>habent</span> <span class='ocrx_word' id='word_1_359' title='bbox 871 4003 906 4039; x_wconf 90' lang='lat' dir='ltr'>uo</span> <span class='ocrx_word' id='word_1_360' title='bbox 916 3936 1067 4039; x_wconf 70' lang='lat' dir='ltr'>admiranda</span> <span class='ocrx_word' id='word_1_361' title='bbox 1074 3987 1120 4038; x_wconf 81' lang='lat' dir='ltr'>illa</span> <span class='ocrx_word' id='word_1_362' title='bbox 1127 3985 1177 4039; x_wconf 91' lang='lat' dir='ltr'>Bib</span> <span class='ocrx_word' id='word_1_363' title='bbox 1188 3984 1290 4039; x_wconf 72' lang='lat' dir='ltr'>’ethera</span> <span class='ocrx_word' id='word_1_364' title='bbox 1296 3988 1411 4041; x_wconf 73' lang='lat' dir='ltr'>Alexan·</span> 
     </span>
    </p>

    <p class='ocr_par' dir='ltr' id='par_1_6' title="bbox 249 4052 1412 4672">
     <span class='ocr_line' id='line_1_40' title="bbox 250 4052 1412 4125; baseline 0.001 -19"><span class='ocrx_word' id='word_1_365' title='bbox 250 4054 387 4118; x_wconf 87' lang='lat' dir='ltr'>editiones,</span> <span class='ocrx_word' id='word_1_366' title='bbox 403 4062 430 4106; x_wconf 90' lang='lat' dir='ltr'>at</span> <span class='ocrx_word' id='word_1_367' title='bbox 441 4055 467 4105; x_wconf 90' lang='lat' dir='ltr'>in</span> <span class='ocrx_word' id='word_1_368' title='bbox 480 4055 528 4105; x_wconf 88' lang='lat' dir='ltr'>Ms.</span> <span class='ocrx_word' id='word_1_369' title='bbox 542 4052 691 4105; x_wconf 87' lang='lat' dir='ltr'>Corbeiensi</span> <span class='ocrx_word' id='word_1_370' title='bbox 706 4057 755 4105; x_wconf 72' lang='lat' dir='ltr'>ariri</span> <span class='ocrx_word' id='word_1_371' title='bbox 766 4074 804 4107; x_wconf 83' lang='lat' dir='ltr'>so·</span> <span class='ocrx_word' id='word_1_372' title='bbox 886 4056 924 4107; x_wconf 89' lang='lat' dir='ltr'>&#39;aa</span> <span class='ocrx_word' id='word_1_373' title='bbox 936 4056 985 4107; x_wconf 90' lang='lat' dir='ltr'>snb</span> <span class='ocrx_word' id='word_1_374' title='bbox 998 4055 1107 4108; x_wconf 85' lang='lat' dir='ltr'>Caesare</span> <span class='ocrx_word' id='word_1_375' title='bbox 1118 4061 1226 4118; x_wconf 81' lang='lat' dir='ltr'>exusta,</span> <span class='ocrx_word' id='word_1_376' title='bbox 1243 4070 1273 4107; x_wconf 85' lang='lat' dir='ltr'>se</span> <span class='ocrx_word' id='word_1_377' title='bbox 1291 4056 1412 4125; x_wconf 68' lang='lat' dir='ltr'>tingente</span> 
     </span>
     <span class='ocr_line' id='line_1_41' title="bbox 250 4121 1411 4202; baseline 0.003 -29"><span class='ocrx_word' id='word_1_378' title='bbox 250 4125 300 4173; x_wconf 80' lang='lat' dir='ltr'>Iam</span> <span class='ocrx_word' id='word_1_379' title='bbox 312 4132 465 4202; x_wconf 64' lang='lat' dir='ltr'>exceptorem</span> <span class='ocrx_word' id='word_1_380' title='bbox 477 4127 519 4190; x_wconf 80' lang='lat' dir='ltr'>qui</span> <span class='ocrx_word' id='word_1_381' title='bbox 524 4162 531 4184; x_wconf 95' lang='lat'>,</span> <span class='ocrx_word' id='word_1_382' title='bbox 548 4122 617 4191; x_wconf 86' lang='lat' dir='ltr'>quod</span> <span class='ocrx_word' id='word_1_383' title='bbox 628 4122 739 4175; x_wconf 78' lang='lat' dir='ltr'>fortasse</span> <span class='ocrx_word' id='word_1_384' title='bbox 751 4140 803 4175; x_wconf 86' lang='lat' dir='ltr'>me·</span> <span class='ocrx_word' id='word_1_385' title='bbox 854 4121 1266 4177; x_wconf 71' lang='lat' dir='ltr'>voluminummilliaslcrotllmm</span> <span class='ocrx_word' id='word_1_386' title='bbox 1352 4124 1359 4137; x_wconf 75' lang='grc'><strong>’</strong></span> <span class='ocrx_word' id='word_1_387' title='bbox 1395 4140 1411 4177; x_wconf 79' lang='grc' dir='ltr'><strong>θ</strong></span> 
     </span>
     <span class='ocr_line' id='line_1_42' title="bbox 250 4188 1411 4260; baseline 0.001 -19"><span class='ocrx_word' id='word_1_388' title='bbox 250 4190 308 4241; x_wconf 87' lang='lat' dir='ltr'>lius.</span> <span class='ocrx_word' id='word_1_389' title='bbox 326 4190 437 4251; x_wconf 79' lang='lat' dir='ltr'>Quinam</span> <span class='ocrx_word' id='word_1_390' title='bbox 449 4196 538 4243; x_wconf 87' lang='lat' dir='ltr'>esseut</span> <span class='ocrx_word' id='word_1_391' title='bbox 547 4197 697 4260; x_wconf 87' lang='lat' dir='ltr'>exceptores</span> <span class='ocrx_word' id='word_1_392' title='bbox 707 4191 761 4243; x_wconf 86' lang='lat' dir='ltr'>dixi</span> <span class='ocrx_word' id='word_1_393' title='bbox 772 4192 805 4243; x_wconf 85' lang='lat' dir='ltr'>ad</span> <span class='ocrx_word' id='word_1_394' title='bbox 855 4193 1006 4249; x_wconf 77' lang='lat' dir='ltr'>Marcellino</span> <span class='ocrx_word' id='word_1_395' title='bbox 1017 4192 1062 4245; x_wconf 92' lang='lat' dir='ltr'>lib.</span> <span class='ocrx_word' id='word_1_396' title='bbox 1072 4190 1158 4243; x_wconf 84' lang='lat' dir='ltr'><strong>XXII.</strong></span> <span class='ocrx_word' id='word_1_397' title='bbox 1168 4205 1224 4259; x_wconf 83' lang='lat' dir='ltr'>cap.</span> <span class='ocrx_word' id='word_1_398' title='bbox 1236 4188 1275 4245; x_wconf 79' lang='lat'>16.</span> <span class='ocrx_word' id='word_1_399' title='bbox 1293 4190 1411 4244; x_wconf 75' lang='lat' dir='ltr'>Ubivida</span> 
     </span>
     <span class='ocr_line' id='line_1_43' title="bbox 251 4256 1411 4329; baseline 0.003 -19"><span class='ocrx_word' id='word_1_400' title='bbox 251 4256 424 4310; x_wconf 84' lang='lat' dir='ltr'>Gaudentium</span> <span class='ocrx_word' id='word_1_401' title='bbox 435 4260 474 4310; x_wconf 92' lang='lat' dir='ltr'>ad.</span> <span class='ocrx_word' id='word_1_402' title='bbox 485 4259 573 4311; x_wconf 85' lang='lat' dir='ltr'>Patav.</span> <span class='ocrx_word' id='word_1_403' title='bbox 584 4275 644 4329; x_wconf 88' lang='lat' dir='ltr'>pag.</span> <span class='ocrx_word' id='word_1_404' title='bbox 654 4260 677 4310; x_wconf 83' lang='lat'>7.</span> <span class='ocrx_word' id='word_1_405' title='bbox 697 4258 805 4312; x_wconf 85' lang='lat' dir='ltr'>Glossae</span> <span class='ocrx_word' id='word_1_406' title='bbox 856 4260 953 4311; x_wconf 82' lang='lat' dir='ltr'>Valesii</span> <span class='ocrx_word' id='word_1_407' title='bbox 968 4266 1044 4312; x_wconf 86' lang='lat' dir='ltr'>notas</span> <span class='ocrx_word' id='word_1_408' title='bbox 1064 4265 1091 4312; x_wconf 89' lang='lat' dir='ltr'>et</span> <span class='ocrx_word' id='word_1_409' title='bbox 1103 4258 1222 4329; x_wconf 83' lang='lat' dir='ltr'>Lipsium</span> <span class='ocrx_word' id='word_1_410' title='bbox 1236 4258 1411 4329; x_wconf 68' lang='lat' dir='ltr'>syntagmate</span> 
     </span>
     <span class='ocr_line' id='line_1_44' title="bbox 250 4326 1229 4393; baseline 0 -15"><span class='ocrx_word' id='word_1_411' title='bbox 250 4326 335 4378; x_wconf 85' lang='lat' dir='ltr'>Veter.</span> <span class='ocrx_word' id='word_1_412' title='bbox 352 4326 470 4393; x_wconf 84' lang='lat' dir='ltr'>Magistri</span> <span class='ocrx_word' id='word_1_413' title='bbox 489 4328 571 4379; x_wconf 86' lang='lat' dir='ltr'>isonis</span> <span class='ocrx_word' id='word_1_414' title='bbox 589 4328 620 4379; x_wconf 86' lang='lat' dir='ltr'>ad</span> <span class='ocrx_word' id='word_1_415' title='bbox 637 4328 805 4381; x_wconf 85' lang='lat' dir='ltr'>Prudentium</span> <span class='ocrx_word' id='word_1_416' title='bbox 856 4327 887 4379; x_wconf 91' lang='lat' dir='ltr'>de</span> <span class='ocrx_word' id='word_1_417' title='bbox 898 4327 1066 4381; x_wconf 88' lang='lat' dir='ltr'>Bibliotheois</span> <span class='ocrx_word' id='word_1_418' title='bbox 1078 4345 1100 4379; x_wconf 86' lang='lat' dir='ltr'>c.</span> <span class='ocrx_word' id='word_1_419' title='bbox 1112 4326 1136 4380; x_wconf 75' lang='grc'>2.</span> <span class='ocrx_word' id='word_1_420' title='bbox 1171 4326 1229 4391; x_wconf 74' lang='lat' dir='ltr'>(F.)</span> 
     </span>
     <span class='ocr_line' id='line_1_45' title="bbox 249 4393 1411 4467; baseline 0.002 -20"><span class='ocrx_word' id='word_1_421' title='bbox 249 4393 385 4467; x_wconf 85' lang='lat' dir='ltr'>Weitziill</span> <span class='ocrx_word' id='word_1_422' title='bbox 395 4410 455 4445; x_wconf 85' lang='lat' dir='ltr'>mn.</span> <span class='ocrx_word' id='word_1_423' title='bbox 471 4395 508 4446; x_wconf 84' lang='lat'>14.</span> <span class='ocrx_word' id='word_1_424' title='bbox 520 4413 544 4447; x_wconf 82' lang='lat' dir='ltr'>u.</span> <span class='ocrx_word' id='word_1_425' title='bbox 556 4396 613 4448; x_wconf 69' lang='lat'>709.</span> <span class='ocrx_word' id='word_1_426' title='bbox 625 4397 652 4448; x_wconf 90' lang='lat' dir='ltr'>in</span> <span class='ocrx_word' id='word_1_427' title='bbox 665 4397 806 4448; x_wconf 80' lang='lat' dir='ltr'>voeeSorr&#39;·</span> <span class='ocrx_word' id='word_1_428' title='bbox 888 4413 914 4464; x_wconf 92' lang='lat' dir='ltr'>p.</span> <span class='ocrx_word' id='word_1_429' title='bbox 934 4396 966 4448; x_wconf 89' lang='lat' dir='ltr'>de</span> <span class='ocrx_word' id='word_1_430' title='bbox 977 4395 1084 4465; x_wconf 82' lang='lat' dir='ltr'>Achaia]</span> <span class='ocrx_word' id='word_1_431' title='bbox 1107 4394 1207 4447; x_wconf 86' lang='lat' dir='ltr'>Priores</span> <span class='ocrx_word' id='word_1_432' title='bbox 1219 4395 1359 4449; x_wconf 83' lang='lat' dir='ltr'>editiones:</span> <span class='ocrx_word' id='word_1_433' title='bbox 1379 4398 1411 4449; x_wconf 81' lang='lat' dir='ltr'>de</span> 
     </span>
     <span class='ocr_line' id='line_1_46' title="bbox 250 4411 1410 4541; baseline 0.006 -29"><span class='ocrx_word' id='word_1_434' title='bbox 250 4464 297 4541; x_wconf 74' lang='lat' dir='ltr'>tos</span> <span class='ocrx_word' id='word_1_435' title='bbox 311 4478 337 4530; x_wconf 89' lang='lat' dir='ltr'>p.</span> <span class='ocrx_word' id='word_1_436' title='bbox 349 4411 406 4511; x_wconf 73' lang='lat' dir='ltr'>erl.</span> <span class='ocrx_word' id='word_1_437' title='bbox 430 4463 614 4532; x_wconf 81' lang='lat' dir='ltr'>,Exceptores,</span> <span class='ocrx_word' id='word_1_438' title='bbox 631 4466 674 4533; x_wconf 93' lang='lat' dir='ltr'>qui</span> <span class='ocrx_word' id='word_1_439' title='bbox 687 4466 756 4517; x_wconf 86' lang='lat' dir='ltr'>dieta</span> <span class='ocrx_word' id='word_1_440' title='bbox 767 4466 805 4517; x_wconf 88' lang='lat' dir='ltr'>iu·</span> <span class='ocrx_word' id='word_1_441' title='bbox 856 4465 970 4528; x_wconf 80' lang='lat' dir='ltr'>Achaia,</span> <span class='ocrx_word' id='word_1_442' title='bbox 983 4468 1014 4517; x_wconf 83' lang='lat' dir='ltr'>de</span> <span class='ocrx_word' id='word_1_443' title='bbox 1028 4466 1150 4518; x_wconf 76' lang='lat' dir='ltr'>Graecia.</span> <span class='ocrx_word' id='word_1_444' title='bbox 1178 4463 1232 4517; x_wconf 81' lang='lat' dir='ltr'>Sed</span> <span class='ocrx_word' id='word_1_445' title='bbox 1242 4465 1410 4535; x_wconf 77' lang='lat' dir='ltr'>perspicuum</span> 
     </span>
     <span class='ocr_line' id='line_1_47' title="bbox 250 4530 1410 4602; baseline 0.008 -22"><span class='ocrx_word' id='word_1_446' title='bbox 250 4530 312 4582; x_wconf 86' lang='lat' dir='ltr'>drcrs</span> <span class='ocrx_word' id='word_1_447' title='bbox 325 4535 400 4580; x_wconf 86' lang='lat' dir='ltr'>etres</span> <span class='ocrx_word' id='word_1_448' title='bbox 421 4546 484 4581; x_wconf 89' lang='lat' dir='ltr'>onsa</span> <span class='ocrx_word' id='word_1_449' title='bbox 493 4534 612 4600; x_wconf 79' lang='lat' dir='ltr'>martyris</span> <span class='ocrx_word' id='word_1_450' title='bbox 619 4532 805 4602; x_wconf 83' lang='lat' dir='ltr'>excipiebant&#39;’</span> <span class='ocrx_word' id='word_1_451' title='bbox 855 4548 913 4585; x_wconf 89' lang='lat' dir='ltr'>esse</span> <span class='ocrx_word' id='word_1_452' title='bbox 933 4540 995 4602; x_wconf 91' lang='lat' dir='ltr'>puto</span> <span class='ocrx_word' id='word_1_453' title='bbox 1015 4532 1095 4585; x_wconf 81' lang='lat' dir='ltr'>verba</span> <span class='ocrx_word' id='word_1_454' title='bbox 1114 4535 1145 4585; x_wconf 85' lang='lat' dir='ltr'>de</span> <span class='ocrx_word' id='word_1_455' title='bbox 1163 4533 1279 4587; x_wconf 78' lang='lat' dir='ltr'>Graecia</span> <span class='ocrx_word' id='word_1_456' title='bbox 1289 4532 1342 4590; x_wconf 83' lang='lat' dir='ltr'>hoc</span> <span class='ocrx_word' id='word_1_457' title='bbox 1352 4534 1410 4589; x_wconf 82' lang='lat' dir='ltr'>loeo</span> 
     </span>
     <span class='ocr_line' id='line_1_48' title="bbox 249 4546 1155 4672; baseline 0.003 -20"><span class='ocrx_word' id='word_1_458' title='bbox 249 4546 804 4670; x_wconf 66' lang='lat' dir='ltr'>Emodustdaapiphannepiscuicinen·</span> <span class='ocrx_word' id='word_1_459' title='bbox 855 4617 913 4656; x_wconf 85' lang='lat' dir='ltr'>esse</span> <span class='ocrx_word' id='word_1_460' title='bbox 923 4603 1063 4672; x_wconf 82' lang='lat' dir='ltr'>glossema.</span> <span class='ocrx_word' id='word_1_461' title='bbox 1097 4600 1155 4665; x_wconf 66' lang='grc' dir='ltr'><em>(Ρ.)</em></span> 
     </span>
    </p>
   </div>
   <div class='ocr_carea' id='block_1_5' title="bbox 0 0 1528 5124">
    <p class='ocr_par' dir='ltr' id='par_1_7' title="bbox 0 0 1528 5124">
     <span class='ocr_line' id='line_1_49' title="bbox 0 0 1528 5124; baseline 0 1"><span class='ocrx_word' id='word_1_462' title='bbox 0 0 1528 5124; x_wconf 95' lang='lat' dir='ltr'> </span> 
     </span>
    </p>
   </div>
  </div>
 </body>
</html>
