3046 5124
1175 360 1236 425 371

72 508 172 628 m
183 514 264 559 ruente
275 514 354 559 nome
365 515 390 559 el
399 509 531 576 manifeste
548 510 679 560 insaniens
691 510 777 561 dicere
790 518 880 578 potest.
909 509 938 562 In
955 508 1011 564 Iob.
1029 510 1074 564 lib.
1087 508 1106 563 I.
1119 511 1163 566 iol.
1178 511 1236 567 237.

106 578 112 590 “
171 593 200 626 us
211 578 254 645 qni
265 584 303 627 esi
313 579 389 628 letius
399 579 543 645 iniquilatis
555 585 641 640 autor,
659 586 683 628 et
696 581 776 629 omnis
786 579 892 629 sceleris
898 587 977 647 pater
986 586 1060 644 atque
1068 582 1189 642 invenior,
1202 583 1239 633 ad

72 645 205 695 caelestem
217 645 304 696 aulam
316 663 347 696 es
358 662 408 713 qua
423 653 510 712 sponte
523 647 623 707 cecidit,
640 663 765 725 tanquam
775 649 866 697 iterum
879 648 1005 709 ascendet,
1022 665 1147 715 nunquam
1159 651 1238 700 demea

71 721 219 765 usersesar.
240 711 313 764 Elin
328 709 490 764 Matthaeum
502 728 523 766 e.
536 712 621 765 XXV.
633 711 722 767 homil.
735 713 781 768 IX.
793 713 838 766 iol.
852 713 910 769 291.
940 715 1049 766 Diaboli
1065 725 1090 767 et
1104 720 1238 785 impiorum

71 781 200 861 ensesue
211 789 316 832 estana
329 789 459 832 tormenta.
482 781 643 833 Erubesoant
655 781 736 850 igitur
744 782 790 852 qui
801 790 827 835 et
837 781 886 835 hoo
899 782 930 835 de
941 784 996 835 viro
1009 783 1113 836 doctiss.
1125 800 1180 838 non
1191 784 1237 838 du·

72 847 224 901 brievernnt
233 849 388 901 eoneInnare
399 848 562 928 figmentum.

121 914 159 968 Ut
168 915 308 969 daemones
319 918 362 969 nel
372 917 447 986 impri
458 916 575 970 homines
606 924 647 970 ost
658 921 799 985 tormenta]
815 917 972 973 Trithemius
984 920 1012 973 in
1022 917 1116 973 Ohron.
1125 927 1236 973 monast

69 982 249 1053 Hirsaugiens.
267 985 335 1037 circa
350 1002 410 1037 ann.
427 985 525 1038 domini
541 987 570 1037 M
591 985 692 1039 OOXV.
710 992 795 1051 notat,
812 987 838 1039 in
856 989 959 1040 civitate
977 988 1110 1041 Oremensi
1131 996 1237 1042 exortos

70 1050 215 1133 hereticos
227 1053 272 1132 qui
282 1052 431 1134 huoiisrum
443 1070 503 1133 cum
512 1054 682 1106 daemonibus
692 1055 746 1107 suis
755 1056 827 1107 eaelo
835 1057 930 1109 iniuria
938 1056 1051 1126 pulsum,
1062 1057 1169 1110 tandem
1178 1075 1237 1110 cnm

70 1120 194 1175 omnbus
205 1138 260 1174 suis
272 1120 424 1173 beatitudini
435 1122 624 1174 restituendum
635 1129 787 1176 assererent.

122 1187 185 1259 Oap.
197 1188 232 1242 X.
244 1219 278 1229 -
295 1189 325 1241 In
337 1189 463 1259 principio
476 1191 572 1242 creavit
583 1190 646 1243 deus
659 1192 759 1244 eaelum
773 1197 798 1244 et
809 1197 904 1244 terram
917 1209 950 1244 ex
962 1190 1055 1260 nihilo]
1083 1192 1180 1246 Contra
1191 1193 1237 1246 Se·

70 1256 216 1321 Iauolenus,
233 1257 441 1338 Hermogenem,
458 1266 625 1327 caeterosque
640 1269 805 1312 materiarios
820 1259 974 1324 haereticos,
992 1262 1036 1331 qui
1048 1261 1125 1314 deum
1137 1277 1170 1314 ex
1183 1279 1237 1316 ma·

69 1325 1237 1466 {mll?llllllllillllultrllliulllldilll.illul.inuit

69 1461 226 1544 Anaptasiue
239 1462 349 1530 Synaita
360 1463 386 1514 in
398 1461 517 1544 henaem.
529 1463 574 1515 iol.
590 1462 664 1544 1372.
679 1463 788 1516 Iunilius
800 1465 938 1517 Africanus
949 1467 976 1518 in
991 1465 1106 1519 Genesin
1118 1473 1180 1521 tom.
1192 1416 1236 1520 Vi.

69 1528 189 1583 utnon.
201 1536 312 1610 patrum.
341 1530 505 1599 Augustinus
518 1531 548 1582 de
564 1530 715 1584 haeresibus
732 1549 789 1602 cap.
801 1533 869 1587 LIX.
900 1533 1059 1595 Detestanda
1074 1533 1238 1604 blasphemia

68 1596 242 1662 hliumans,
260 1599 305 1667 qui
320 1596 437 1650 homines
454 1616 487 1651 ex
505 1600 610 1663 umbra,
627 1600 761 1653 diabolum
776 1618 811 1653 ex
827 1602 897 1670 ignis
912 1601 1020 1654 flamma
1040 1604 1173 1658 eonditum
1190 1605 1235 1659 ait.

69 1666 183 1719 Aleoran
195 1682 289 1718 azoara
299 1666 379 1718 LXV.
391 1667 436 1720 iol.
450 1667 506 1719 165.

119 1733 193 1814 Facti
205 1739 267 1787 sunt
278 1736 376 1804 angeli]
393 1735 509 1803 Angelos
521 1736 603 1788 laetos
613 1742 673 1788 ente
681 1737 808 1790 mundum
817 1739 940 1791 sensilem
948 1744 1022 1808 putet
1034 1739 1236 1809 chrysostomus

68 1801 262 1922 depppndaut.
275 1810 338 1856 orat
351 1802 370 1883 1.
408 1803 526 1855 Clemens
544 1805 1085 1887 9⁰¹¹,Sffl11ffl1i03l0l-‚lilhl'l!¹;⁰²P·X11·
1122 1808 1236 1889 Isidorus

68 1870 1238 2010 l.punllillfsllllini·lluiuitis?illilltllllulilillll

69 2006 116 2063 lib.
129 2006 154 2088 ⁹:
167 2023 224 2088 cap.
241 2006 265 2059 3.
279 2007 323 2088 lib.
336 2006 378 2059 IV.
395 2023 450 2077 cap.
463 2008 534 2088 Xll·
570 2009 672 2061 Aeneas
686 2008 813 2089 'Ossaeus
832 2011 861 2062 in
882 2010 952 2063 Theo
972 2010 1051 2063 hrast.
1081 2014 1236 2066 Anastasius

69 2074 180 2157 Spauta
191 2075 236 2128 hb.
249 2074 269 2128 1.
283 2091 310 2127 ιιι
321 2074 440 2130 hexaem.
477 2075 603 2144 Origenes
616 2076 669 2146 napi
681 2080 765 2147 αρχῶν
781 2078 826 2130 lib.
839 2077 863 2130 2.
875 2095 931 2148 rap.
945 2029 1011 2134 llll.
1023 2081 1051 2132 in
1065 2080 1179 2134 Genesin
1190 2080 1237 2135 ho·

68 2144 125 2198 ml.
136 2143 157 2198 I.
170 2159 198 2196 ιιι
209 2142 371 2196 Matthaeum
383 2160 439 2213 sap.
452 2144 514 2196 XX.
526 2150 599 2198 tract.
612 2145 647 2197 X.
666 2146 784 2198 Ambros.
796 2144 915 2200 hexaem.
928 2147 972 2201 lib.
983 2147 1002 2200 1.
1016 2152 1071 2217 cip.
1081 2149 1111 2199 V.
1123 2150 1150 2201 in
1162 2165 1237 2219 prae-

68 2211 168 2265 latione
203 2211 346 2264 salmurum
362 2212 477 2266 rotulo.
507 2212 580 2265 Beda
590 2219 653 2265 tom.
665 2213 731 2266 VIII.
744 2220 844 2283 quaest.
855 2214 903 2268 lx.
919 2215 964 2267 iol.
977 2214 1035 2267 398.
1067 2215 1176 2269 Photius
1198 2217 1237 2270 bi·

69 2278 162 2334 blioth.
186 2280 220 2334 ol.
233 2279 292 2333 473.
316 2280 425 2360 Iunilius
437 2280 469 2331 de
480 2283 597 2350 partibus
609 2281 712 2362 divinae
724 2283 790 2349 legis
802 2283 847 2336 lib.
861 2281 886 2362 ²:
899 2299 955 2352 cap.
969 2284 993 2334 2.
1010 2285 1173 2364 Augustinus
1189 2286 1235 2339 lib.

68 2347 1237 2486 unlilffullllillixil:¹¹lullrllill²llrtullliilllllltlllu

67 2484 261 2568 pradicatione
281 2485 417 2554 profertur.
453 2485 579 2555 Origenes
601 2487 627 2538 in
644 2487 776 2556 prooemio
792 2487 852 2539 libri
867 2487 920 2556 sepi
938 2483 1023 2558 ἀρχῶν
1038 2489 1083 2543 iol.
1096 2489 1154 2542 421.
1189 2490 1239 2542 Est

68 2556 134 2607 ssim
145 2555 248 2606 elladia
260 2555 435 2605 ecclesiastiea
446 2557 649 2623 praedicatione,
662 2573 714 2606 esse
726 2557 829 2623 anqelos
842 2558 884 2607 dei
895 2559 1026 2624 quosdam,
1043 2567 1068 2608 si
1078 2562 1184 2610 virtutes
1195 2559 1236 2610 do·

69 2640 126 2685 aas,
137 2625 217 2690 quisi
228 2625 369 2674 ministrent
379 2625 417 2674 ad
427 2625 533 2674 salutem
544 2622 668 2674 insitiuum
681 2626 908 2685 consummandam,
925 2627 971 2676 sed
981 2628 1080 2692 qnando
1092 2630 1138 2676 isti
1154 2631 1238 2678 creati

68 2699 134 2753 unt,
151 2692 305 2770 etpuomodo
316 2700 380 2752 sunl,
398 2710 446 2741 noni
462 2694 527 2742 satis
544 2695 571 2741 in
584 2695 714 2758 mariistsio
733 2694 905 2759 dietinquitur.
933 2692 1061 2745 Eusebius
1074 2694 1100 2746 in
1114 2695 1237 2764 apologia

66 2774 116 2880 pso
129 2757 236 2827 Origine
248 2763 312 2811 tom.
325 2758 372 2812 ix.
386 2759 454 2828 apud
466 2758 615 2827 Hieronym.
628 2759 673 2813 iol.
690 2759 745 2811 137.
763 2758 939 2812 Theodoretus
952 2761 979 2812 in
992 2760 1087 2814 Genes.
1100 2771 1200 2832 quaest.
1210 2763 1235 2817 3.

90 2824 228 2897 piphanius
240 2832 330 2878 eontra
341 2826 451 2879 Paulum
464 2827 675 2879 Samosatensem
686 2826 786 2880 haeresi
798 2828 1013 2881 LXV.'Athanas.
1032 2830 1064 2881 ad
1078 2829 1236 2884 Antiochum

86 2903 170 2948 mest.
181 2894 226 2948 111.
255 2895 338 2946 Antor
355 2895 387 2946 de
403 2896 531 2947 incarnat
543 2896 616 2947 serbi
633 2912 649 2946 a
668 2896 702 2947 ud
720 2895 859 2965 Angustin.
873 2901 935 2950 tom.
947 2896 989 2950 IV.
1002 2913 1058 2968 cap.
1072 2899 1114 2952 1v.
1143 2898 1235 2952 Petrus

66 2910 231 3017 imbardus
243 2969 309 3018 sent.
321 2963 367 3016 lib.
381 2963 405 3016 2.
417 2964 529 3015 distinet.
542 2963 566 3015 2.
596 2963 636 3016 Un
655 2981 669 3016 e
685 2963 800 3016 Iulianus
813 2963 877 3034 Imp.
896 2965 955 3017 vilis
971 2981 986 3017 e
1006 2972 1092 3018 ostata
1107 2967 1135 3019 in
1151 2969 1235 3021 tribus

68 3048 135 3102 quos
147 3038 238 3084 eontra
249 3037 339 3084 saneta
351 3032 486 3100 evangelia
498 3048 644 3101 nomenque
655 3031 830 3084 Christianum
843 3033 958 3085 evomuit
968 2983 1049 3099 hiris,
1061 3036 1172 3105 Moysen
1180 3053 1235 3089 ma·

67 3100 171 3221 ximulm
187 3105 214 3152 et
230 3100 438 3219 vetustispinpum
455 3099 638 3169 prophetarum
655 3100 806 3220 irppcientipe
821 3101 919 3219 piguit,
936 3101 1074 3184 quodunon
1091 3105 1235 3186 natintatis

67 3174 917 3316 iulii.llll.1ll.lll.lflf¹i.lll⁰llillu.'ll
935 3178 1092 3226 Μή·
1123 3171 1235 3322 ΨΜ

68 3304 1235 3459 ...linouiuueuuuelusanus{ieiuniill

67 3440 111 3494 τὀν
123 3439 309 3561 ὕπερβέιλλοιιτα
320 3440 431 3530 νιτλοῦτιονι
437 3445 479 3507 τῆς
489 3445 568 3528 paneis
581 3439 732 3510 ἀγαθότητος
746 3440 919 3530 οὔκκήνέσχετιο
935 3446 1009 3512 μόνον
1022 3438 1120 3496 εἶναιτὸ
1133 3444 1234 3529 ἀγαθον,

66 3507 1235 3649 l‘lulluillill‘luilll‘liiiiiililltlzulilulllul§litulfus

67 3644 96 3698 ia
110 3650 209 3716 νοεροῦ,
228 3646 268 3697 καὶ
285 3643 400 3711 ἀιοθητοῦ
412 3645 454 3698 τον
472 3643 608 3716 ἄνθρωπον.
638 3644 720 3697 Πάντα
738 3645 781 3716 μὲν
799 3647 842 3698 οὖν
860 3647 890 3698 τὰ
901 3647 949 3698 ὑπο
962 3646 1038 3698 αὐτοῦ
1055 3650 1173 3728 γενόμενα
1185 3667 1235 3700 κοι-

67 3718 172 3767 νωνοῦσι
184 3718 225 3781 τῆς
238 3713 314 3766 αὐτοῦ
326 3711 477 3783 ἇγαῦότητος
490 3714 552 3766 κατὰ
564 3713 591 3765 τ“ο
604 3707 670 3766 εἶναι.
698 3713 776 3775 Αὐτὸς
788 3713 821 3784 γά
848 3713 898 3766 ἐστι
910 3719 960 3774 τοῖς
973 3717 1032 3766 πᾶσι
1046 3733 1073 3765 το
1087 3708 1153 3784 εἶναι,
1172 3713 1235 3768 ἒπει-

68 3781 99 3850 dii
111 3780 136 3834 iu
148 3782 216 3854 αὐτῷ
229 3781 273 3834 elul
285 3780 315 3833 tir
328 3778 394 3837 ὄντα,
425 3783 461 3835 Οὐ
475 3785 549 3852 μόνον
562 3781 600 3834 ὅτι
617 3781 690 3842 οὗτος
703 3781 729 3834 ἐκ
741 3788 785 3835 τοῦ
798 3734 835 3853 psi
844 3779 914 3842 ὄντος
926 3781 957 3842 εἰς
970 3782 999 3833 το
1011 3779 1069 3834 εἶναι
1081 3782 1144 3835 αὐτὰ
1156 3787 1235 3854 παρή-

67 3868 151 3922 γαγεν.
163 3849 220 3903 ἀλλ’
233 3849 296 3917 Aah
310 3850 385 3901 αὐτοῦ
397 3849 502 3921 ἐνέργεια
514 3850 544 3903 τὰ
553 3849 600 3902 ὑπο
614 3850 689 3903 αὐτοῦ
702 3853 758 3921 γενό
780 3870 820 3902 ενοι
833 3854 944 3919 ουντηρεῖ
961 3852 1001 3902 καὶ
1013 3851 1116 3922 συνέχει.
1147 3853 1235 3905 Bonus

68 3929 95 3972 ei
103 3921 248 3972 omnibonus
263 3929 288 3971 ei
302 3920 456 3988 superbonus
472 3922 540 3988 deus,
559 3929 623 3971 toties
634 3925 743 3971 existens
770 3925 864 3982 onitas,
875 3927 983 3988 propter
998 3921 1235 3989 superabundantes

68 3990 175 4041 &sitias
189 3989 309 4040 bonitatis
320 4005 382 4039 suste
395 4006 442 4038 eron
453 4006 549 4056 passus
560 3999 604 4051 est,
620 3990 698 4041 solum
710 4006 762 4039 esse
774 3990 861 4039 honum
879 3989 920 4048 (id
937 3997 975 4039 esi
984 4006 1056 4040 mam
1067 3993 1079 4039 i
1115 3993 1148 4041 'us
1160 4001 1233 4042 nates·

67 4061 137 4122 m)
149 4076 167 4109 a
179 4058 245 4111 nullo
252 4060 450 4125 participatum.
479 4056 563 4107 Huius
578 4061 669 4124 qratia
675 4061 745 4125 fecit
756 4061 867 4124 prienam
884 4058 982 4123 quidem
1004 4058 1067 4108 intel
1076 4060 1189 4109 eotuales
1211 4068 1236 4110 et

68 4133 95 4178 et
103 4126 225 4179 caelatos
236 4131 350 4187 os'rtutes,
363 4126 453 4176 deinde
466 4125 587 4176 risibilem
600 4134 625 4177 et
633 4125 775 4176 sensibilem
786 4126 910 4186 mundum,
922 4142 979 4176 maa
990 4143 1020 4176 es
1030 4127 1198 4178 intellectuali
1209 4136 1235 4178 et

67 4194 181 4246 uueibili
192 4202 287 4245 naheren
300 4193 428 4244 doluissem.
459 4192 557 4244 Gunela
567 4197 648 4260 iyilur
659 4210 724 4262 quas
735 4192 768 4243 ab
780 4196 835 4261 ipso
841 4196 921 4260 faeta
933 4203 996 4255 sunt,
1006 4197 1171 4263 participant
1182 4197 1235 4246 eius

68 4262 203 4316 &sitam
218 4264 353 4314 secundum
370 4279 430 4323 esse,
448 4264 509 4328 quia
525 4262 558 4312 al>
575 4265 630 4330 ipso
643 4271 667 4313 et
677 4265 704 4311 in
716 4264 770 4329 ipso
782 4269 840 4311 sunt
850 4264 947 4313 omnia:
964 4281 1013 4312 noa
1024 4265 1095 4314 modo
1108 4266 1168 4332 quia
1179 4267 1234 4332 s'pse

67 4348 100 4384 ea
110 4330 190 4383 nihilo
200 4332 249 4382 illa
261 4331 299 4382 ad
309 4348 362 4383 eeee
374 4332 484 4401 deduxit,
502 4331 549 4383 sed
558 4333 618 4396 qaia
631 4333 711 4398 ipsius
723 4332 799 4390 actio,
816 4347 880 4397 quae
892 4331 925 4381 ab
937 4333 992 4398 ipso
1004 4334 1084 4398 saeta
1101 4340 1166 4394 surii,
1176 4349 1234 4383 con·

64 4407 189 4453 mata
203 4401 320 4452 eontinet.
337 4398 401 4451 Vide
416 4397 571 4466 Dionysium
590 4397 775 4517 Aeropapitam
791 4397 899 4466 περὶτῆς
917 4396 1030 4468 οὐρανίου
1042 4397 1165 4469 ἱεραρχίοις
1177 4415 1234 4469 cap.

66 4464 111 4523 lu.
138 4465 280 4538 Orlgenm
290 4466 344 4536 arpi
356 4462 441 4537 ἀρχῶν
458 4466 503 4518 lib.
515 4465 539 4517 2.
551 4481 607 4535 oap.
619 4465 666 4520 IX.
708 4463 784 4519 ohan.
797 4464 1008 4521 Oantaenzenum
1019 4468 1124 4537 apolog.
1136 4467 1160 4522 2.
1173 4485 1234 4521 con-

67 4540 220 4591 usuum
230 4535 482 4589 Musulmannorum.

118 4602 180 4675 unp.
191 4602 240 4659 XI.
254 4632 288 4645 -
312 4601 383 4657 Nihil
392 4605 573 4673 iueorporeum
591 4602 745 4656 eredendum
756 4602 808 4656 nisi
819 4603 904 4657 solum
916 4605 1004 4672 deum]
1033 4603 1188 4661 Damascen.
1203 4607 1234 4658 de

379 4712 392 4742 s
982 4690 1033 4742 24·
