3046 5124
479 342 814 385 ormmsrsosmnsr.
1164 345 1226 411 221

64 498 267 587 posmodum
284 501 381 564 ctiam
399 499 440 565 ab
461 502 537 585 ipsis
565 499 685 565 divisus
711 519 768 563 sua
793 498 1013 563 conventicula
1036 501 1227 583 propagavit.

64 600 150 667 Dicit
164 622 241 667 sane
257 604 352 667 etiam
372 605 438 689 ipse
458 605 579 667 animas
599 601 757 667 hominum
778 603 932 687 pessimas
952 607 1176 687 postmortem
1195 604 1228 665 in

65 702 236 771 daenmnes
251 703 359 770 ³rerti.

126 806 185 873 Est
200 807 354 892 quaedam
369 807 505 872 haeresis
521 810 679 872 rusticana
693 810 726 871 in
742 828 852 892 campo
868 814 985 888 nostro,
1000 806 1033 871 id
1048 814 1097 871 est
1107 807 1227 892 Hippo·
1245 821 1296 872 cnr·
1313 818 1434 861 bxxxt'ss·

65 912 175 991 nansi,
194 911 245 974 vel
259 914 362 996 potius
376 911 450 995 suit3
470 910 620 995 paulatim
636 913 720 974 enim
736 911 889 975 diminuta
904 912 937 974 in
952 931 1015 973 una
1030 913 1140 993 exigua
1154 909 1229 974 villa

23 1055 26 1063 -
65 1019 275 1096 remanserat,
300 1017 333 1077 in
360 1034 421 1097 qua
440 1013 566 1097 quidem
585 1016 781 1098 paucissimi,
808 1012 863 1077 sed
888 1034 995 1077 omnes
1016 1012 1073 1077 hoc
1094 1014 1228 1079 fuerunt.

67 1115 126 1193 Qui
140 1136 252 1181 omnes
266 1115 358 1181 modo
381 1118 510 1181 correcti
532 1131 562 1179 ct
578 1114 723 1180 catholici
744 1116 817 1179 lacti
834 1124 922 1197 sunt,
944 1137 1002 1180 neo
1018 1116 1131 1199 aliquis
1145 1114 1229 1179 illius

66 1218 246 1303 supersedit
260 1222 383 1283 erroris.
422 1218 584 1283 lAbelonii
598 1219 800 1299 vocabantur,
814 1218 934 1283 Punica
949 1218 1157 1283 declinatione
1172 1239 1229 1283 no·

66 1322 172 1385 minis.
207 1321 273 1385 Hos
288 1321 430 1387 nonnulli
446 1320 555 1385 dicunt
569 1343 608 1389 ex
623 1321 685 1386 filio
701 1321 788 1386 Adae
801 1321 897 1385 luisse
913 1324 1100 1403 nominatos,
1116 1323 1168 1404 qui
1183 1326 1232 1385 est

66 1430 197 1488 vocatus
212 1422 309 1502 aben
331 1424 413 1488 unde
428 1423 598 1493 Abolianos
620 1423 668 1489 vel
683 1423 844 1489 Abeloitas
861 1444 913 1488 eos
928 1445 985 1488 nos
1001 1445 1166 1509 possumus
1181 1422 1230 1488 di·

68 1546 150 1591 cere.
186 1525 257 1591 Non
272 1527 485 1591 miscebantur
506 1527 669 1608 uxoribus,
693 1534 725 1590 et
745 1530 789 1591 eis
809 1533 915 1590 tamen
932 1530 1000 1592 sinc
1019 1529 1167 1592 uxoribus
1183 1528 1230 1591 vi·

67 1648 140 1693 rere
157 1636 261 1693 sectae
277 1632 376 1713 ipsius
399 1629 541 1712 dogmate
561 1651 624 1694 non
644 1629 768 1694 licebat.
803 1629 871 1694 blas
892 1651 963 1712 orgo
984 1636 1017 1694 et
1037 1630 1154 1695 femina
1172 1628 1230 1694 sub

69 1733 281 1797 continentiae
300 1734 492 1817 professione
515 1733 609 1796 simul
631 1733 807 1797 habitantes
823 1754 954 1818 puerum
970 1739 1002 1796 et
1014 1734 1152 1819 puellam
1172 1732 1232 1796 sibi

69 1832 264 1920 adoptabant
277 1836 311 1923 in
326 1835 466 1899 eiusdem
482 1838 709 1900 coniunctionis
730 1842 820 1920 pacto
842 1857 1038 1900 successores
1059 1858 1132 1901 suos
1146 1835 1231 1900 futu·

68 1958 136 2017 τους
150 1942 251 2001 morte
266 1941 443 2022 praeventis
459 1939 632 2022 quibusque
656 1938 786 2019 singulis
801 1938 855 2001 alii
875 1938 1138 2021 subrogabantur,
1158 1938 1233 2004 dum

69 2044 177 2107 tumen
193 2038 253 2104 duo
269 2039 390 2105 duobus
411 2041 544 2125 disparis
565 2062 658 2104 sexus
681 2043 713 2103 in
729 2040 812 2104 illius
833 2039 942 2104 domus
959 2043 1107 2105 societate
1123 2061 1232 2106 succe·

71 2140 193 2209 dorent.
229 2141 386 2208 Utrolibet
401 2146 515 2228 quippe
531 2150 659 2228 parente
676 2142 831 2224 defuncto,
852 2164 913 2207 uno
928 2147 1114 2226 remanenti,
1133 2165 1232 2228 usque

70 2244 195 2311 adeius
210 2264 332 2329 quoque
348 2246 467 2310 obitum
483 2246 539 2310 filii
555 2245 743 2310 serviebant.
780 2246 855 2310 Post
876 2248 964 2309 cuius
986 2254 1119 2310 mortem
1138 2249 1233 2311 etiam

69 2349 132 2436 ipsi
144 2367 277 2434 puerum
292 2354 325 2412 et
339 2348 475 2434 puellam
490 2348 633 2413 similiter
648 2348 849 2434 adoptabant
884 2347 949 2413 Nec
964 2368 1103 2432 unquam
1117 2352 1163 2413 eis
1178 2348 1232 2413 de·

69 2448 445 2536 incondemnatam,
464 2452 685 2534 generantibus
702 2454 942 2534 circumquaque
958 2454 1086 2534 vicinis,
1106 2458 1139 2516 et
1152 2451 1232 2519 filios

71 2574 145 2620 suos
160 2556 270 2638 inopes
285 2554 326 2617 ad
340 2575 428 2639 spem
444 2554 644 2618 haereditatis
660 2554 779 2617 alienae
796 2553 929 2617 libenter
949 2553 1106 2618 dantibus.

132 2656 373 2739 Pelagianorum
394 2663 442 2720 est
464 2657 522 2722 hoo
536 2664 675 2740 tempore
691 2660 829 2720 omniurn
846 2660 1061 2721 recentissima
1076 2679 1094 2721 a
1108 2657 1232 2740 Pelagio
1253 2683 1303 2734 cap.
1317 2681 1450 2723 amun

70 2758 226 2827 monacho
242 2765 358 2824 exorta.
395 2761 494 2836 Quem
515 2762 700 2841 magistrum
720 2759 892 2823 Caelestius
914 2762 958 2824 sic
980 2766 1105 2825 secutus
1121 2768 1180 2843 est,
1200 2767 1236 2826 ut

72 2869 243 2931 nectores
263 2884 369 2927 eornm
386 2862 574 2927 Caelestiani
596 2865 692 2926 etiam
711 2867 940 2946 nuncupentur.
976 2863 1016 2927 Hi
1038 2861 1088 2926 dei
1107 2866 1234 2945 gratiae,

72 2986 133 3052 qna
146 2965 372 3052 praedestinati
388 2971 496 3030 snmus
515 2969 547 3028 in
569 2965 768 3050 adoptionem
788 2966 923 3029 filiorum
944 2986 1000 3051 per
1019 2966 1123 3031 lesum
1144 2965 1234 3032 chri-

72 3077 158 3135 stum
172 3070 223 3134 ¹in
243 3072 362 3154 ipsum,
383 3076 415 3132 et
435 3090 497 3153 qua
518 3071 654 3132 eruimur
673 3068 711 3132 de
732 3073 887 3153 potest-ate
908 3068 1124 3151 tenebrarum,
1144 3077 1180 3134 ut
1201 3073 1234 3135 in

72 3191 145 3239 eum
159 3171 324 3236 credamus
339 3180 431 3255 atque
447 3175 479 3235 in
495 3193 624 3254 regnum
640 3173 738 3255 ipsius
752 3169 1003 3253 ²transforamur,
1015 3178 1141 3258 propter
1153 3173 1235 3257 quod

72 3278 133 3359 ait,
152 3274 270 3340 ³Nemo
284 3277 372 3338 venit
386 3274 425 3337 ad
440 3294 506 3355 me,
527 3276 590 3338 nisi
610 3274 703 3339 suerit
718 3276 746 3337 ei
762 3272 870 3337 datum
884 3294 904 3336 a
918 3280 1005 3359 patre
1020 3296 1106 3358 meo,
1129 3284 1160 3339 et
1176 3297 1236 3360 qua

73 3377 259 3445 diffunditur
281 3379 394 3442 caritas
415 3380 448 3440 in
469 3377 615 3442 cordibus
634 3377 785 3457 ⁴nost1·is,
805 3382 840 3439 ut
861 3375 939 3440 fides
959 3397 1014 3462 per
1036 3377 1234 3444 dilectionem

71 3480 250 3569 {operetun
271 3483 304 3544 in
328 3486 450 3544 tantum
476 3482 596 3544 inimici
616 3487 704 3561 sunt,
726 3487 761 3544 nt
780 3482 849 3545 sine
876 3479 933 3544 hac
959 3501 1050 3565 posse
1077 3479 1234 3546 hominem

74 3583 206 3651 madent
225 3584 325 3648 lacere
347 3585 450 3646 omnia
471 3583 577 3647 divina
596 3583 758 3647 mandata:
786 3605 857 3647 oum
882 3586 909 3648 si
929 3583 987 3648 hoc
1012 3604 1119 3648 verum
1141 3591 1234 3661 esset,

73 3686 192 3753 uasta
205 3685 351 3751 dominus
367 3685 483 3749 dixisse
499 3685 665 3767 videretur,
685 3686 778 3751 ⁶Sinc
793 3707 843 3749 me
859 3685 938 3750 nihil
957 3689 1089 3770 potestis
1105 3686 1233 3751 ⁷facere.

64 3788 217 3877 ponique
232 3787 374 3871 Pelagius
390 3809 409 3851 a
423 3789 570 3852 fratribus
586 3792 775 3875 increpatus,
790 3788 873 3872 quod
888 3789 966 3851 nihil
981 3789 1131 3853 tribueret
1145 3790 1234 3854 adiu-

74 3894 155 3959 torio
175 3893 292 3974 gratiae
314 3891 363 3956 dei
385 3891 426 3955 ad
442 3895 508 3956 eius
523 3891 671 3956 mandata
685 3892 838 3973 iacienda,
854 3893 1042 3975 correptioni
1056 3913 1163 3958 eorum
1177 3891 1233 3957 ha-

75 3997 313 4076 runcocesso,
332 4001 368 4058 ut
387 4016 450 4059 uon
465 4017 534 4059 eam
549 3994 647 4060 libero
663 3996 791 4060 arbitrio
806 3998 1025 4079 praeponeret,
1047 3993 1102 4059 sed
1118 3995 1236 4063 infideli

125 4216 151 4273 3.
162 4216 234 4271 Iliae
244 4234 343 4268 msam
355 4220 507 4268 auctoritate
519 4220 744 4286 manuscriptorum
756 4219 903 4269 removimus
912 4217 977 4284 qood
987 4219 1074 4269 excusi
1085 4219 1147 4271 lilm'
1158 4221 1235 4273 adds·

77 4284 246 4339 brustatum
259 4291 345 4337 autem
358 4286 459 4336 animae
471 4285 552 4336 eredit
563 4302 608 4353 per
620 4285 751 4336 traducem
763 4284 908 4354 propagari.
926 4283 1046 4353 (Bened.)

144 4353 207 4425 Gap.
218 4353 376 4407 LXXXVII.
386 4383 418 4391 —
442 4354 460 4406 l.
474 4353 507 4404 In
517 4353 591 4405 MSS.
603 4354 745 4406 Abeloitae.
780 4351 895 4420 (Beued.)

144 4419 668 4493 cop.txxxvss1.-1.Ephes.1.5.
719 4421 744 4474 2.
762 4419 893 4474 Colossl.
908 4420 948 4474 13.
998 4421 1023 4475 3.
1039 4422 1235 4480 lomvttu.

77 4488 190 4547 stom.
200 4490 233 4546 V.
245 4490 270 4545 5.
327 4489 352 4543 ὓ.
371 4488 455 4543 Galat.
469 4489 500 4540 V.
512 4489 536 4541 6.
571 4489 596 4543 6.
613 4489 702 4543 loaun.
714 4489 773 4544 XV.
786 4486 811 4542 ὁ.
858 4487 882 4540 7.
900 4488 934 4541 Ia
963 4491 1071 4563 Imaque
1082 4494 1156 4548 MSS.
1170 4497 1239 4550 &aar

77 4561 172 4683 Qui
182 4558 238 4697 hpp
243 4575 334 4695 rerpip
346 4558 531 4622 essetfnrstra
542 4557 662 4613 dominus
673 4556 919 4619 dirimendarum,
951 4559 993 4613 ine
1001 4561 1114 4615 menibil
1127 4565 1236 4633 potastis

146 4644 170 4683 e.
238 4645 312 4684 ene.
