3046 5124
274 276 335 342 252
734 273 962 318 sumamma

274 431 420 517 gaudium
441 431 537 496 faciat
557 452 638 497 unus
664 433 830 518 paenitens
851 452 946 517 quam
966 434 1137 518 nonaginta
1157 452 1274 500 novem
1295 434 1351 519 qui
1372 453 1435 499 non

274 541 490 622 peccaverunt.

117 651 169 704 θεν·
181 651 255 693 Μ
339 637 596 719 Quadragesimus
617 644 649 702 et
668 658 769 703 nonus
788 636 1023 704 haeresiarches
1043 638 1153 704 ¹Arius
1173 642 1261 704 ortus
1282 642 1342 703 est
1377 637 1436 703 Hic

275 740 405 827 populos
417 738 566 805 ²Arianos
577 742 724 823 instituit,
740 741 793 826 qui
804 746 926 826 patrem
938 747 969 805 at
980 740 1079 806 filium
1090 747 1122 807 et
1132 744 1280 828 spiritum
1290 745 1436 807 sanctum

275 842 386 908 nolunt
400 863 468 907 esse
484 845 575 907 unius
591 843 792 927 eiusdemque
807 843 1016 926 substantiae,
1036 844 1092 909 sed
1112 865 1182 909 esse
1196 843 1299 909 filium
1313 848 1435 908 ereatu-

275 967 352 1028 ram,
368 947 511 1031 spiritum
525 966 597 1010 vero
613 952 757 1009 sanctum
772 952 946 1011 creaturam
961 953 1137 1030 creaturae,
1157 946 1216 1012 hoe
1237 952 1288 1012 est
1308 946 1350 1011 ab
1370 947 1435 1028 ipso

276 1049 338 1114 filio
355 1054 493 1113 creatum
507 1047 625 1112 volunt.
647 1046 701 1111 ⁸ln
716 1070 752 1112 eo
769 1026 972 1134 autem⁸quod
988 1049 1146 1114 Christum
1160 1052 1229 1114 sine
1244 1051 1354 1114 anima
1367 1069 1435 1116 aar·

275 1172 348 1216 uem
360 1153 535 1236 suscepisse
547 1149 724 1233 arbitratur,
734 1150 928 1236 Epiphanius
939 1151 1086 1237 prodidit.
1107 1151 1225 1217 Etideo
1232 1157 1359 1238 patrem
1368 1172 1435 1216 ma·¹

275 1257 372 1318 iorem
387 1253 444 1317 filii
458 1255 503 1316 sic
519 1252 606 1333 dicit,
621 1255 709 1336 quasi
725 1259 906 1336 creatorem,
922 1254 1063 1318 etlilium
1075 1256 1225 1319 maiorem
1236 1256 1352 1341 spiritu
1364 1274 1435 1319 san·

276 1363 337 1437 cto,
352 1359 441 1439 quasi
456 1360 627 1419 creatorem
642 1356 718 1419 eins.
741 1355 881 1438 Nostros,
896 1357 929 1420 id
944 1363 992 1420 est
1007 1355 1188 1438 catholicos,
1203 1355 1291 1421 adse
1305 1359 1436 1422 venien·

276 1464 324 1523 tes
340 1457 549 1542 rebaptizant3
570 1463 674 1521 utrum
688 1457 748 1520 hoe
769 1459 864 1521 etiam
878 1458 964 1540 aliis,
983 1457 1017 1522 id
1037 1464 1085 1523 est
1104 1478 1168 1523 non
1189 1457 1372 1541 catholicis,
1389 1458 1436 1523 fa·

277 1563 371 1642 ciant,
385 1580 539 1643 nusquam
554 1559 675 1642 legitur.
697 1560 819 1623 Primus
835 1565 943 1624 contra
957 1560 1014 1624 hos
1030 1563 1168 1647 suscepit
1181 1566 1311 1626 sanctus
1322 1561 1436 1625 Hesio·

277 1662 335 1727 dus
350 1665 514 1747 episcopus
529 1662 774 1743 Corinthiorum,
794 1662 841 1725 vir
863 1665 916 1745 qui
931 1665 1027 1726 etiam
1040 1668 1178 1729 mortuos
1193 1665 1366 1728 suscitasse
1381 1661 1436 1728 ad·

277 1768 398 1830 seritur.
435 1763 525 1830 Unde
539 1764 720 1828 factumest
734 1769 769 1827 ut
782 1763 853 1849 plus
869 1766 1068 1829 sanctitatem
1082 1785 1176 1848 quam
1191 1765 1438 1851 disputationem

277 1867 482 1933 adtendentes
497 1867 639 1932 homines
654 1866 782 1931 ⁴Arium
797 1872 1026 1931 execrarentur.
1062 1867 1224 1952 Siquidem
1238 1870 1307 1933 cius
1322 1856 1437 1934 oratio·

277 1971 369 2036 nibus
385 1971 538 2035 adseritur
554 1973 620 2055 ipsa
636 1969 748 2034 ⁵Arius
764 1972 797 2033 in
813 1988 973 2035 secessum
988 1969 1100 2034 sedens
1116 1972 1263 2035 universa
1277 1970 1374 2035 simul
1388 1973 1436 2035 in·

278 2080 404 2139 teranca
419 2095 491 2138 cum
506 2071 694 2136 stereoribus
709 2071 894 2157 profudisse.
930 2073 998 2137 Iam
1019 2079 1126 2137 contra
1145 2078 1264 2138 sectam
1285 2074 1354 2138 eius
1373 2077 1438 2138 tarn

278 2176 443 2242 orientales
459 2185 553 2262 quam
573 2177 667 2239 etiam
687 2174 896 2239 occidentales
917 2177 1054 2264 episcopi
1076 2178 1280 2262 scripserunt.
1318 2175 1437 2254 Quibus

278 2302 350 2346 eum
364 2301 420 2364 per
429 2279 551 2362 singula
559 2280 662 2365 capita
670 2277 848 2360 dogmatum
856 2298 983 2343 suorum
995 2277 1145 2343 adserunt
1157 2278 1438 2365 blasphemantem.

173 2390 223 2442 ver·
235 2389 262 2431 h·
341 2384 619 2466 Quinquagesimos
635 2379 808 2444 ¹Vadianos
830 2386 983 2444 memorat
995 2380 1205 2465 Epiphanius,
1224 2401 1289 2446 uon
1308 2379 1437 2468 quidem

277 2488 461 2567 haereticos,
476 2483 531 2548 sed
546 2483 772 2549 schismaticos.
796 2483 879 2560 Quos
894 2482 948 2547 alii
962 2482 1299 2570 Anthropomorphitas
1313 2489 1439 2567 vocant,

278 2593 425 2676 quoniam
440 2587 533 2652 deum
548 2587 608 2651 sibi
623 2586 744 2667 fingunt
759 2587 944 2668 cogitatione
960 2585 1077 2650 carnali
1092 2589 1126 2650 in
1141 2586 1348 2653 similitudine
1360 2590 1438 2653 irns-

278 2696 359 2777 ginis
375 2690 584 2776 corruptibilis
599 2689 752 2770 hominis,
772 2689 930 2771 dieentes,
950 2686 1066 2754 2Οσιιῖὶ
1086 2689 1207 2755 denatat
1219 2712 1316 2777 saper
1329 2692 1438 2757 iustos.

278 2795 407 2861 3Οιιθῐοθ
424 2817 519 2880 opera
535 2795 705 2878 dipitoram
720 2792 771 2854 dei
776 2817 784 2868 3
800 2796 842 2874 ct,
856 2790 961 2856 ⁴Deue
976 2793 1060 2857 sedet
1072 2814 1167 2879 saper
1180 2793 1283 2858 aedem
1296 2805 1440 2859 sanaem

201 2888 203 2899 '
278 2921 386 2974 soona
402 2904 443 2978 et,
458 2896 562 2960 ⁵Dcas
577 2895 706 2959 attritio
720 2916 881 2980 synopoqc
896 2896 1034 2977 deorum,
1050 2900 1081 2958 at
1095 2900 1199 2960 cetera
1212 2915 1293 2980 quae
1307 2900 1442 2982 possunt

280 3000 317 3065 de
333 2999 451 3064 visibili
466 3001 603 3082 cogitari.
642 2998 720 3074 Quia
741 3018 812 3080 orgo
831 2999 865 3061 in
879 2996 965 3062 nullo
980 2998 1039 3064 alio
1056 3004 1176 3081 errant,
1195 2996 1322 3064 ‘mitius
1336 3001 1440 3066 ineos

280 3124 375 3185 agens
389 3102 582 3187 Epiphanius
602 3099 703 3164 noluit
716 3098 889 3164 haereticos
910 3103 1088 3183 nominare,
1109 3102 1187 3165 dans
1201 3103 1329 3167 veniam
1343 3105 1440 3169 rusti·

281 3208 377 3270 citati.
401 3204 489 3282 Quod
503 3210 609 3267 autem
620 3203 710 3268 nobis
722 3224 786 3267 non
798 3205 1040 3285 communicant,
1055 3203 1304 3270 divitiashabere
1316 3211 1441 3272 nostros

281 3311 444 3394 episcopos
466 3306 619 3388 clamant,
640 3326 717 3390 quas
734 3305 875 3371 Christus
897 3309 991 3371 ctiam
1009 3306 1104 3372 laicos
1124 3312 1323 3373 contemnere
1343 3307 1442 3375 iubet.

279 3410 401 3478 Pascha
423 3431 494 3475 cum
515 3409 638 3473 Iudaeis
659 3408 827 3473 celebrant.
863 3408 935 3492 Egit
953 3415 1062 3474 contra
1083 3409 1139 3476 hos
1161 3410 1268 3477 Zenon
1291 3410 1443 3495 Syrorum

281 3518 453 3601 opiscopus.

163 3637 212 3688 esp.
225 3635 263 3677 nr.
345 3617 607 3701 Quinquagesima
626 3617 728 3701 prima
748 3615 887 3680 haeresis
908 3615 1188 3699 Eunomianorum,
1214 3614 1254 3681 ab
1275 3614 1443 3686 Eunomia.

280 3722 321 3786 Hi
336 3722 490 3805 serpentis
506 3721 626 3802 antiqui
642 3720 754 3802 spiritu
774 3718 861 3804 pleni
880 3739 943 3785 non
964 3718 1064 3784 solum
1082 3721 1236 3783 minorem
1249 3716 1368 3805 lilium,
1386 3721 1445 3788 sed

281 3845 339 3889 nec
355 3823 466 3887 similis
482 3824 636 3886 essentiae
652 3843 720 3887 esse
737 3822 836 3887 filium
850 3821 1046 3888 adseverant.
1082 3821 1154 3906 Egit
1167 3821 1348 3890 contrahes
1362 3824 1444 3891 Am·

280 3929 403 3993 menius
418 3924 590 4011 presbyter.

333 4147 395 4217 Cap.
407 4145 502 4199 XLIX.
515 4176 548 4186 -
565 4146 586 4200 l.
599 4146 688 4199 Arrius
702 4147 759 4201 edd.
771 4145 848 4200 Sirm.
864 4146 987 4199 Galland.
1044 4143 1068 4199 2.
1081 4144 1205 4199 Arrianus
1217 4146 1276 4203 add.
1286 4144 1366 4202 soa
1380 4148 1446 4202 Gal·

282 4218 353 4268 land.
380 4216 598 4269 Itaomnealr'bri.
656 4214 680 4269 3.
692 4214 723 4267 In
735 4231 774 4279 ec,
787 4215 811 4266 b.
821 4233 841 4267 e.
853 4219 881 4266 s'o
892 4217 984 4284 spiritu
996 4222 1093 4268 sancto.
1143 4214 1168 4267 4.
1180 4214 1284 4269 Arrium
1294 4215 1445 4274 suasim

285 4286 407 4338 Galland.
459 4283 483 4334 5.
495 4284 585 4336 Arrius
598 4285 654 4337 edd.
666 4284 742 4337 Sirm.
757 4284 880 4337 Galland.

333 4353 369 4405 Ca
389 4351 436 4404 .L.
448 4382 481 4390 —
505 4352 527 4402 l.
539 4351 670 4405 Vadianos
683 4371 740 4418 epo,
759 4370 788 4402 es
800 4354 842 4402 Aa
861 4354 951 4405 astino.
970 4350 1111 4403 Valdianes
1127 4350 1201 4407 MSS.
1219 4352 1288 4420 Aup.
1305 4352 1377 4405 Reus.
1390 4353 1447 4407 Du·

283 4439 350 4475 neos.
363 4370 495 4473 aludianos
508 4422 565 4474 edd.
576 4420 653 4474 Sirm.
670 4422 739 4475 Gau.
799 4420 823 4472 2.
835 4371 932 4472 ΙξεθΙω.
943 4419 1070 4483 XXXIII,
1085 4419 1125 4473 16.
1183 4419 1447 4487 3.Psalm.V111,4.

282 4489 306 4541 4.
319 4488 413 4542 Psalm.
425 4487 517 4551 XLVI,
530 4487 554 4541 9.
606 4488 630 4541 5.
642 4488 737 4544 Psalm.
750 4487 874 4554 LXXXI,
888 4488 908 4541 l.
962 4487 1128 4542 ti.mitinsin
1144 4505 1188 4542 eos
1204 4488 1260 4543 MS.
1272 4488 1447 4560 Atramitis:

283 4572 328 4609 eos
343 4559 399 4612 edd.
411 4556 487 4610 Sirm.
504 4558 571 4609 Gall.
