3046 5124
540 374 578 416 nu
592 372 768 416 mutuemus
781 371 873 413 LIBER.
1267 370 1287 433 9

211 529 385 598 Sadducaei
395 537 468 617 post
478 533 596 616 ipsum,
610 554 630 595 a
644 529 784 596 Saddoc⁸
797 528 924 594 homine
938 526 1067 608 Iudaeo,
1089 528 1142 610 qui
1156 525 1215 590 hoc
1230 546 1286 589 no·
1306 538 1356 590 cnr·
1371 538 1396 579 v·

127 637 211 700 mine
227 635 410 715 vocabatur,
426 637 479 717 qui
495 632 667 718 discipulus
683 634 741 696 luit
754 632 867 714 uliud,
881 633 936 714 qui
950 636 984 694 et
997 630 1192 694 confirmavit
1205 628 1287 693 hanc

126 739 285 818 haeresin,
299 744 334 800 ut
348 758 388 800 ex
401 757 437 801 eo
454 736 626 801 Sadducaei
642 735 826 800 dicerentur.
856 731 1036 798 Secundum
1050 752 1175 796 carnem
1190 752 1287 815 aeque

128 841 227 905 solum
246 840 429 925 praedicant
450 838 633 919 vivendum,
657 836 956 918 circumcidendum,
975 855 1148 919 corpusque
1168 834 1287 919 ¹bapti·

128 941 276 1022 nandum,
296 941 417 1024 delego
436 947 541 1005 autem
556 941 662 1005 diune
677 961 739 1005 non
755 940 839 1004 aliud
855 944 1085 1026 expectantes⁰‚
1103 937 1289 1022 Epicuream

129 1043 339 1109 dementiam‘¹
357 1047 461 1129 potius
482 1043 714 1127 quam-divinae
732 1043 811 1126 legis
830 1046 898 1106 iura
917 1047 1083 1106 sectantes.
1113 1040 1158 1103 De
1174 1040 1288 1124 quibus

128 1151 215 1212 etin
237 1147 412 1229 evangeho⁰
435 1149 670 1231 scriptumest,
697 1146 827 1212 docente
851 1145 991 1227 domino,
1017 1150 1185 1226 contraque
1207 1143 1287 1207 hanc

127 1251 272 1316 haeresin
287 1250 468 1334 pestiferam
482 1249 690 1334 praedicante.

211 1352 448 1416 Pharisaeorum
463 1352 524 1415 alia
539 1359 601 1433 est,
616 1373 694 1435 quae
709 1353 986 1416 resurrectionem*
1001 1350 1137 1414 futuram
1159 1349 1288 1414 conlite-
1308 1360 1358 1410 0⁸1³·
1372 1360 1408 1399 Vt

127 1454 417 1539 tur‚legemaceipit
429 1460 459 1517 et
469 1452 829 1539 prophetasb,(lhristrrm
840 1459 944 1517 antem
956 1457 1100 1537 expectat
1110 1459 1145 1515 ut
1156 1454 1290 1516 iustnm⁰
1333 1458 1338 1463 ’

195 1606 256 1676 Gap.
268 1607 298 1658 V.
316 1609 343 1657 io
364 1605 442 1657 Bate.
461 1610 609 1674 inscriptum
627 1606 703 1658 caco
719 1606 882 1660 Sannvcaar.
897 1637 929 1644 —
949 1605 969 1657 l.
989 1603 1170 1674 baptisandum
1189 1621 1211 1657 c.

195 1674 256 1744 Cap.
271 1674 312 1727 VI.
330 1679 356 1725 ia
376 1672 456 1726 Bada.
476 1677 623 1743 inscriptum
642 1674 718 1726 irater
732 1674 885 1727 Pnanrsaur.
904 1705 937 1713 -

128 1819 153 1863 et
165 1809 323 1881 Epiphanius
336 1810 368 1863 de
379 1810 549 1863 Sadducaeis:
573 1815 683 1880 „aradae
733 1811 886 1873 rectionem,
907 1815 1010 1862 constat
1029 1826 1064 1862 ex
1079 1809 1135 1862 het.
1152 1808 1249 1864 XXIII
1266 1809 1290 1861 8.

128 1878 155 1930 δὲ
167 1877 234 1948 ἅγιον
248 1876 395 1930 οὖκῖσασι.”
413 1877 682 1959 [Et'lheophplaetus.
734 1879 798 1932 Vide
819 1879 842 1931 si
883 1879 950 1930 lacet
969 1879 1119 1932 Manassem
1140 1877 1291 1931 Israelidem

127 1947 179 2000 Sed
190 1964 236 2017 per
248 1949 344 2016 πνεῦμα
356 1947 472 2000 animum
483 1945 596 2000 hominis
608 1948 683 2000 intel·
734 1948 778 2000 lib.
793 1947 815 2000 1.
827 1896 1068 1999 deItesurrectione
1081 1963 1136 2016 cap.
1149 1945 1173 1999 6.
1209 1944 1264 2011 (F.)

128 2017 192 2086 lige,
210 2031 289 2084 quam
306 2032 363 2068 esse
379 2015 552 2068 immortalem
564 2016 683 2084 spiritum
769 2015 793 2067 d.
811 2015 965 2084 Epicuream
976 2014 1143 2081 dementiam]
1161 2015 1207 2067 Vir
1218 2031 1290 2094 prae·

127 2091 153 2136 et
164 2089 224 2153 post
235 2082 379 2135 discessum
391 2099 522 2152 acorpere
534 2100 684 2152 permanere
735 2083 911 2135 stantissimus
925 2081 1072 2134 (lerhardus
1084 2082 1193 2135 Vossius
1210 2083 1253 2135 hb.
1269 2082 1291 2134 l.

128 2151 420 2286 ighabsshtfadducaei’
432 2157 498 2203 teste
508 2149 617 2220 Iosepho
627 2151 684 2204 XII.
737 2152 768 2202 de
781 2151 887 2270 Orligine
896 2150 1061 2269 {VVVVVJ
1073 2165 1105 2267 Ed
1110 2150 1148 2202 10.
1165 2150 1253 2269 saltfim
1264 2151 1291 2202 in

145 2256 167 2272 ..
253 2259 258 2270 .
735 2235 891 2271 eomerores
934 2234 1027 2270 rcurers
1057 2233 1072 2268 a
1108 2234 1201 2270 uoaeos
1222 2235 1292 2270 ursse

167 2306 189 2340 e.
211 2304 259 2339 nec
280 2287 396 2339 futurum
413 2287 547 2356 iudicium]
576 2286 683 2353 Animos
736 2287 868 2348 observat,
881 2236 950 2354 qudd
962 2286 1023 2337 lieet
1034 2285 1133 2336 animas
1145 2285 1251 2354 perinde
1264 2292 1292 2337 ut

128 2356 197 2409 enim
209 2355 345 2417 mortales,
361 2345 487 2407 mundum
503 2355 684 2423 incorruptibi-
734 2354 988 2423 Epicurusmortales
998 2369 1055 2405 esse
1061 2353 1192 2417 ducerent,
1204 2359 1291 2406 tamen

128 2425 179 2475 lem
192 2439 248 2474 esse
261 2422 348 2474 docuit
358 2421 498 2474 Dosithaus
515 2428 580 2474 teste
593 2423 684 2474 eodem
735 2440 789 2474 non
803 2422 979 2477 inficiareutur
997 2421 1075 2474 deum
1090 2422 1237 2491 prospicere
1253 2439 1291 2473 re·

128 2490 246 2558 Eulogio.
283 2489 337 2554 (F.)
735 2490 921 2553 turbamenta,
931 2488 1219 2542 duntaxatinhacvita.
1229 2489 1291 2542 Cae·

162 2558 179 2611 l.
198 2558 229 2610 de
242 2559 300 2626 lege
315 2563 393 2627 atque
405 2556 549 2628 prophetis]
567 2557 622 2610 Iino
632 2560 683 2628 pri·
734 2559 898 2629 terumlaeile
907 2558 939 2610 ad
948 2557 1136 2628 providentiam
1145 2558 1291 2627 negandam

127 2644 199 2679 mum
211 2626 292 2678 iuuisse
301 2627 346 2696 qui
354 2625 493 2706 prophetas
506 2627 685 2696 repudiaverit,
735 2628 877 2696 prolabitur
897 2627 943 2696 qui
958 2626 1042 2679 eidem
1054 2625 1107 2678 late
1120 2627 1221 2678 animos
1240 2643 1294 2696 quo

127 2696 202 2764 quasi
224 2712 277 2747 non
296 2694 324 2748 in
344 2695 436 2764 spirutu
454 2696 604 2758 elocutos,
622 2696 684 2748 seri-
735 2712 843 2765 corpora
858 2693 994 2747 hominum
1015 2694 1143 2747 obnoxios
1164 2711 1221 2747 esse
1242 2695 1292 2748 sihi

128 2765 192 2817 bunt
207 2768 297 2815 auctor
313 2763 461 2833 appendicis
478 2763 511 2815 ad
531 2762 635 2816 Tertull.
652 2763 684 2816 de
734 2764 899 2833 persuaserit.
934 2763 990 2829 (F.)

126 2832 323 2901 Praeseription.
336 2838 362 2884 et
373 2831 546 2912 Hieronymus
558 2832 682 2884 adversus
768 2849 790 2884 e.
814 2833 841 2884 in
857 2830 1005 2900 evangelio]
1032 2831 1124 2883 Matth
1145 2831 1231 2885 XXII.
1249 2831 1290 2884 ⁶23.

127 2899 318 2963 luciferianos,
335 2905 361 2952 et
372 2900 400 2952 in
411 2897 459 2952 hoe
472 2917 529 2970 ipso
543 2899 682 2953 Samarita·
733 2901 813 2952 Mare.
826 2898 884 2952 XII.
898 2898 937 2951 18.
949 2899 1011 2952 Luc.
1024 2900 1085 2952 XX.
1098 2899 1139 2952 27.
1152 2917 1206 2970 seq.
1227 2900 1292 2953 Vide

127 2969 167 3020 nis
180 2985 240 3020 eum
249 2974 381 3021 auctorem
393 2969 486 3021 erroris
498 2969 540 3020 sui
551 2969 632 3020 luisse
644 2968 682 3021 in·
734 2969 812 3021 etiam
828 2965 919 3020 Matth.
931 2967 1001 3021 XVI.
1014 2967 1038 3020 6.
1050 2985 1105 3037 seq.
1125 2969 1171 3020 ubi
1192 2985 1207 3021 a
1227 2968 1291 3038 ζύμῃ

127 3043 219 3097 nuunt,
236 3037 362 3105 aquibus
379 3037 449 3089 solos
464 3037 545 3089 lihros
562 3038 628 3105 legis
644 3054 683 3088 re·
733 3036 932 3089 Pharisaeorum
944 3042 970 3089 et
981 3036 1190 3089 Sadducaeorum
1201 3054 1292 3090 cavere

126 3105 148 3157 ci
169 3105 374 3168 idiceturinfra‚
387 3121 417 3162 ea
437 3104 479 3156 ,7.
515 3109 529 3166 (
549 3109 570 3170 “.)
734 3105 785 3157 sibi
797 3121 858 3157 suos
869 3104 992 3168 Servatur
1005 3105 1117 3174 optimus
1129 3104 1208 3158 iubet.
1236 3109 1249 3168 (
1273 3112 1291 3171 .)

143 3122 283 3254 leh-
300 3123 682 3259 ⁸·232d1I00h0mIPVIU‘1220]
769 3189 1292 3259 Cap.II-aresurrectionemluturam

126 3239 684 3378 ffffifflfflIlffiss⁰¹÷l7²ss⁰⁰sspffl
735 3257 1292 3340 careatur]natarunnocasaurueaers,

231 3396 236 3407 Ι
271 3396 276 3407 .
309 3349 326 3407 ¹s
448 3342 460 3407 p
542 3349 551 3406 '.
617 3394 623 3406 ·
734 3327 820 3413 hptor.
831 3326 929 3413 xxiii.
941 3325 1011 3407 838.
1022 3326 1180 3413 Epiphanius
1191 3328 1292 3411 xvia.

127 3394 238 3448 Sechaer
252 3395 402 3464 discipulus.
422 3395 487 3447 Vide
498 3395 683 3450 Mamomdem
736 3394 898 3464 ἦωμολόγοιιν
916 3393 942 3446 ol
955 3412 1022 3446 ουτοι
1034 3413 1164 3447 arderadus
1176 3397 1292 3465 νεκρων.”

126 3462 683 3532 affnkohoothunuuischnaopatl.edit.
734 3464 847 3516 Dubium
862 3469 957 3527 tamen,
971 3464 1049 3516 anim
1068 3465 1107 3517 ios
1120 3467 1198 3517 etiam
1208 3482 1291 3517 resur-

127 3533 272 3651 praeclarae
292 3530 515 3595 Surenhusianae‚
539 3531 583 3584 nbi
605 3538 632 3583 et
651 3527 683 3584 de
734 3539 849 3585 recturos
862 3532 1023 3584 crediderint.
1045 3481 1110 3585 Vide
1122 3533 1291 3586 Flaviumlo·

151 3600 233 3652 aiteso
246 3602 325 3654 altero
338 3600 464 3668 Antigoni
481 3600 621 3669 discipulo,
638 3617 683 3652 au·
734 3600 843 3721 seplhum
855 3600 948 3653 XVIII.
961 3600 984 3652 ⁴2.
1001 3602 1106 3671 Antiqu.
1123 3607 1150 3653 et
1166 3602 1210 3654 lib.
1223 3601 1246 3653 2.
1260 3602 1292 3654 de

127 3674 197 3720 ctore
208 3667 459 3732 Baitosaecrnm,de
490 3669 565 3720 uibus
596 3669 682 3721 erinde
734 3670 765 3721 be
787 3669 916 3722 olndaico
930 3685 985 3748 cap.
1001 3669 1039 3723 la
1075 3670 1130 3734 (F.)

128 3741 158 3786 ut
177 3735 208 3814 de
228 3735 385 3790 Sadducaeis
405 3686 507 3791 abudde
530 3686 612 3788 mulla
635 3738 684 3789 viri
767 3738 792 3790 b.
810 3739 897 3805 legem
911 3739 1004 3807 accipit
1017 3744 1044 3790 et
1052 3735 1205 3818 prophetas]
1219 3737 1292 3800 Quod

128 3802 499 3869 doet1,Fullerns,Pocoekius,
509 3805 627 3868 Drusius,
637 3804 682 3858 Se·
734 3807 813 3860 etiam
828 3806 993 3858 Sadducaeos
1009 3806 1114 3868 iecisse,
1130 3806 1183 3857 iam
1198 3807 1293 3875 proba·

127 3871 218 3935 rarius,
230 3871 345 3940 Scaliger
357 3880 404 3926 eto.
440 3874 496 3938 (F.)
734 3875 853 3927 matriti
865 3875 945 3936 docti,
962 3880 989 3926 et
1005 3890 1040 3926 ex
1051 3873 1176 3926 Talmude
1193 3879 1292 3928 eertum

167 3940 192 3991 b.
215 3939 357 4008 discipulus
381 3942 431 3995 fnit
451 3942 532 4008 illius]
556 3939 682 3994 Dosithei.
733 3960 791 3995 esse
803 3943 917 3996 affirmat
928 3944 1049 3995 Menasse
1062 3941 1112 3992 ben
1123 3941 1203 3994 Israel
1215 3959 1240 4011 p.
1249 3943 1292 3996 43.

127 4007 193 4061 Nam
209 4009 247 4060 ita
262 4008 345 4059 etalii
361 4017 460 4063 veteres
481 4012 607 4079 scriptum
622 4011 681 4062 reli·
734 4011 765 4063 de
777 4011 922 4064 Resurrect
952 4012 986 4062 At
996 4008 1129 4061 Pharisaei
1145 4017 1246 4079 praeter
1262 4011 1292 4063 τὰ

145 4083 251 4140 uerunt,
268 4083 298 4128 ut
308 4077 391 4144 capite
402 4079 534 4147 superiore
550 4080 681 4130 annotavi.
734 4079 891 4149 γεγραμμένα
902 4079 1041 4130 utebantur
1053 4077 1132 4129 etism
1143 4080 1231 4132 multis
1244 4097 1291 4131 aa·

125 4096 158 4198 St
178 4146 224 4215 qui
243 4145 403 4225 AntIgonum
423 4147 531 4210 audivit,
552 4148 637 4216 potuit
656 4155 682 4199 et
733 4147 935 4216 τροπαραδότοις,
945 4153 970 4197 et
980 4146 1156 4200 additamenta
1163 4148 1291 4217 quaedam

126 4215 288 4267 alteriusma
330 4213 597 4282 triseetarivestigia.
625 4216 681 4280 (F.)
732 4217 793 4285 legi,
806 4215 963 4283 utloquitur
976 4214 1158 4279 Tertullianus,
1175 4217 1291 4270 adstrue·

165 4299 187 4335 c.
206 4300 258 4335 non
281 4280 351 4334 aiud
373 4287 550 4350 expectantes]
577 4282 682 4336 Nullam
734 4286 803 4347 bant.
816 4299 882 4351 quae
893 4282 1036 4335 Sadducaei
1046 4284 1166 4352 amplecti
1176 4286 1289 4340 noluere.

126 4351 205 4403 aliam
216 4352 309 4413 vitam,
326 4350 412 4402 nullas
424 4349 537 4403 melioris
549 4359 575 4404 et
586 4353 681 4421 sempi·
734 4352 838 4415 (Febr.)

125 4427 213 4471 ternae
225 4420 316 4472 beatae
328 4419 396 4471 ritae
405 4419 597 4487 promissiones.
615 4420 681 4472 Nam
766 4436 788 4472 e.
807 4417 938 4471 Christum
949 4425 1072 4489 expectat
1087 4426 1117 4472 ut
1128 4421 1228 4475 iustum
1244 4421 1290 4476 ho-

124 4495 155 4540 ut
176 4487 233 4540 lose
253 4486 286 4540 ho
314 4487 345 4540 de
374 4485 532 4539 Sadducaeis
558 4489 681 4541 traditum
732 4487 840 4553 ndnem]
858 4487 1133 4542 Messiamventurum
1148 4508 1200 4543 non
1213 4492 1291 4544 deum

124 4503 371 4626 xvlfldanuqu.
390 4553 448 4620 „rite
461 4553 539 4624 ψυχὰς
551 4556 680 4625 συναφανί-
731 4555 1174 4623 fore,sedmerumh0minem‚sibi
1204 4576 1291 4612 ersua-

125 4625 194 4685 ζουσι
209 4627 260 4685 τοῖς
278 4623 404 4695 ιώμασι,”
422 4629 448 4677 et
467 4639 577 4693 negasse
596 4642 680 4680 resur·
732 4625 828 4680 debant
837 4621 982 4692 Pharisaei,
995 4624 1101 4697 perinde
1112 4628 1161 4680 ut'
1206 4644 1289 4698 aeap.
