3046 5124
544 364 631 409 blm
642 364 752 411 Dm
1167 364 1227 434 259

68 520 210 591 discidia.
246 521 388 606 Denique
409 521 493 609 apud
513 522 742 606 Carthaginem,
763 523 957 608 temporibus
969 521 1155 589 heracliani
1176 545 1227 588 co·

65 626 167 710 mitis,
180 644 254 691 oum
267 625 474 691 Maximianus
489 631 599 692 contra
611 627 804 692 Primianum
818 625 857 690 ab
872 624 1012 691 eiusdem
1026 626 1139 692 erroris
1154 646 1228 691 oen·

65 734 137 795 tum
150 729 250 795 ferme
270 730 426 815 episcopis
448 728 607 794 ordinatus
629 728 789 813 areliquis
808 732 958 795 trecentis
979 731 1087 796 decem
1107 732 1228 814 episco-

66 834 133 919 pis,
153 835 209 918 qui
227 832 415 898 ordinationi
435 836 502 897 eius
523 835 654 898 erimina
672 830 904 917 impingebant,
924 832 1035 897 luisset
1054 833 1229 915 damnatus,

67 932 178 1003 docuit
197 935 348 1022 populum
370 939 422 1021 qui
447 957 519 1001 eum
541 936 729 1019 sequebatur
751 939 846 1003 etiam
867 942 955 1001 extra
976 935 1141 1001 ecelesiam
1163 935 1230 1000 dari

66 1056 162 1124 posse
177 1038 370 1125 baptismum
385 1039 510 1105 Christi.
546 1038 699 1123 Denique,
715 1043 901 1125 quicumque
916 1046 971 1105 aut
984 1062 1004 1104 a
1017 1040 1175 1104 Primiano
1190 1036 1229 1102 ad

28 1208 31 1216 ,
65 1138 293 1209 Maximianum
307 1143 395 1225 abiit,
410 1149 464 1206 aut
477 1143 694 1207 allaximiano
709 1142 749 1208 ad
763 1144 966 1226 Primiannm,
980 1149 1103 1209 nonest
1116 1144 1230 1205 iterum

66 1242 246 1330 baptizatus
260 1245 299 1309 ab
315 1267 351 1311 eo
368 1250 419 1330 qui
436 1253 543 1311 contra
557 1245 750 1310 voluntatem
764 1267 870 1311 eorum
882 1246 1042 1311 ordinatus
1058 1252 1114 1310 est.
1137 1245 1229 1310 Com·

66 1346 242 1433 probantur
252 1349 291 1413 ab
303 1369 340 1413 eo
360 1368 453 1432 quem
464 1351 570 1432 utique
588 1349 829 1413 damnaverunt:
844 1339 908 1414 non
925 1349 1086 1430 abiiciunt,
1100 1368 1163 1413 non
1180 1368 1229 1411 re·

66 1456 182 1533 nunnt,
201 1471 266 1515 non
284 1457 408 1516 mutmrt
427 1452 626 1537 baptismatis
646 1458 886 1534 sacramentum,
906 1458 938 1516 ot
956 1473 1012 1516 seu
1030 1451 1231 1533 aPrimiano,

67 1551 136 1619 aiva
151 1553 372 1621 aMaximiano
389 1557 458 1639 quis
472 1562 527 1619 aut
541 1555 716 1640 baptizetur
736 1562 791 1620 aut
805 1555 936 1620 clericus
952 1556 1122 1637 ordinetur,
1142 1555 1231 1638 quasi

66 1654 110 1721 ah
123 1676 188 1722 nno
203 1657 321 1722 factum
335 1661 387 1740 sit,
401 1679 464 1722 non
480 1679 498 1721 a
513 1658 633 1723 duobus
650 1662 823 1740 contrariis,
838 1662 872 1724 in
887 1679 924 1723 ea
939 1659 1101 1741 dignitate,
1116 1677 1177 1742 qua
1191 1657 1230 1723 ab

66 1778 131 1827 uno
147 1762 271 1826 uenerit
285 1763 354 1844 quis
369 1761 410 1826 ad
424 1760 568 1844 alterum,
589 1769 778 1847 perseverat.
815 1762 884 1827 Non
904 1768 1043 1826 mutatur
1064 1761 1231 1847 baptisma,

66 1882 128 1929 neo
144 1863 280 1947 dignitas
294 1864 427 1943 tollitur3
447 1867 520 1948 quia
540 1885 603 1929 non
620 1866 658 1930 de
673 1865 871 1951 baptismatis
886 1864 1101 1946 altereatione,
1121 1862 1231 1930 sedda

67 1966 276 2033 ordinationis
291 1970 488 2033 contentione
508 1969 592 2033 facta
607 1968 718 2034 divisio
740 1967 965 2053 comprobatur.
1002 1968 1048 2032 De
1064 1967 1232 2032 Caeciliani

67 2071 156 2137 enim
170 2070 364 2136 ordinatione
381 2071 546 2136 dissentire
562 2078 740 2156 coeperunt,
755 2093 817 2136 non
833 2071 871 2136 de
884 2069 1082 2155 baptismatis
1093 2076 1148 2135 aut
1158 2069 1232 2135 fidei

66 2175 316 2256 transgressione
331 2194 400 2239 sese
416 2174 456 2239 ab
472 2175 603 2239 ecclesia
617 2175 828 2239 absciderunt.

132 2276 402 2363 Septuagesimam
421 2276 575 2341 haeresim
596 2278 863 2342 Priscillianorum
882 2275 965 2361 apud
985 2277 1141 2361 Hispanos
1161 2275 1230 2340 Pri·
1249 2299 1299 2350 cap.
1313 2299 1374 2342 axx.

69 2379 233 2447 sethianus
248 2380 360 2463 legitur
374 2380 547 2445 inchoasse.
574 2381 616 2445 Hi
631 2384 751 2446 animas
772 2381 895 2445 divinae
911 2386 1039 2444 naturae
1056 2379 1229 2443 adimant.
1388 2382 1391 2387 '

69 2484 155 2564 Quas
175 2484 216 2549 ad
236 2504 367 2568 agonem
387 2484 543 2567 quendam
564 2491 771 2569 spontaneum
790 2486 823 2547 in
843 2485 933 2547 torris
954 2482 1161 2547 exercendum
1177 2502 1232 2568 per

70 2594 194 2674 septem
209 2587 311 2652 caelos
331 2592 362 2651 et
376 2608 432 2672 per
447 2587 597 2670 quosdam
613 2588 765 2671 gradatim
785 2587 895 2652 dicunt
909 2585 1097 2651 descendere
1114 2589 1229 2670 prinoi-

68 2698 178 2779 patus,
199 2696 232 2754 et
244 2693 278 2754 in
292 2690 464 2774 malignum
478 2693 652 2776 prinoipem
666 2693 839 2773 incurrere,
857 2712 876 2753 a
891 2710 950 2773 quo
969 2691 1065 2754 istum
1079 2689 1231 2754 mundum

69 2794 191 2861 metum
208 2793 333 2876 volunt,
355 2800 448 2877 atque
471 2794 510 2858 ab
531 2793 589 2859 hoc
609 2796 749 2879 principe
770 2815 825 2879 per
845 2793 968 2858 diversa
986 2796 1088 2858 carnis
1104 2813 1232 2878 corpora

70 2899 228 2965 seminam.
265 2897 424 2962 Adserunt
439 2899 534 2961 etiam
547 2896 694 2961 fatalibus
709 2897 808 2961 stellis
823 2896 965 2961 homines
981 2896 1161 2979 conligatos,
1182 2899 1229 2982 ip-

70 3020 203 3092 sumque
219 3021 330 3086 eorpus
345 3007 486 3065 nostmm
501 3000 672 3064 secundum
688 2999 852 3065 duodecim
866 3003 955 3082 signa
966 2999 1045 3064 caeli
1060 3020 1129 3064 esse
1145 3021 1229 3065 com-

69 3107 218 3193 positum.
249 3103 380 3168 Prorsus
395 3106 476 3167 siout
490 3106 513 3167 ii
528 3105 581 3186 qui
595 3102 808 3167 mathematici
823 3102 914 3186 vulgo
930 3102 1140 3188 appellantur,
1156 3125 1229 3169 oon-

70 3210 206 3273 stituunt
220 3208 254 3270 in
269 3209 370 3292 capite
386 3209 526 3287 arietem,
540 3213 664 3269 taurum
679 3209 712 3268 in
728 3206 857 3287 cervice,
880 3207 1020 3288 geminos
1034 3206 1068 3271 in
1083 3206 1231 3290 humeriS,

70 3330 220 3377 cancrum
239 3313 273 3374 in
292 3316 434 3395 pectore,
461 3316 492 3373 et
512 3315 616 3373 cetera
634 3310 820 3373 nominatim
838 3310 927 3390 sigua
949 3316 1165 3394 percurrentes
1191 3309 1231 3374 ad

69 3413 196 3503 plantas
216 3414 337 3496 asigno
355 3412 469 3477 Christi
491 3413 530 3476 ad
546 3415 635 3494 sigua
656 3412 820 3494 ¹astrologi
839 3413 1059 3495 migraverunt.
1095 3414 1180 3477 Haeo
1201 3419 1232 3476 et

70 3516 135 3584 alia
148 3516 291 3582 fabulosa
306 3523 338 3579 et
351 3536 432 3579 vana
445 3516 544 3581 multa
559 3515 748 3599 contingunt.
786 3514 904 3580 Uxores
924 3518 1125 3599 avirisquas
1139 3521 1229 3600 potu-

70 3624 156 3688 erint
174 3625 328 3706 separant.
367 3619 482 3683 Carnes
502 3622 584 3684 sicut
602 3614 776 3683 Manichaei
796 3619 927 3702 lugiunt.
964 3617 1166 3704 A'pocryphas
1187 3619 1229 3682 si-

68 3724 137 3792 mul
157 3744 228 3789 cum
248 3725 406 3787 canonicis
428 3725 589 3809 scripturis
610 3723 783 3806 accipiunt,
803 3729 835 3784 et
854 3723 888 3784 in
902 3742 1013 3784 sensus
1029 3741 1100 3784 suos
1116 3719 1229 3802 allego·

69 3827 198 3895 rixando
214 3833 408 3892 convertunt.
431 3826 616 3891 Trinitatem
632 3831 746 3907 antem,
762 3827 842 3890 sieut
858 3823 1037 3905 Sabelliani,
1052 3825 1155 3907 ipsum
1169 3823 1230 3887 sibi

69 3936 205 4018 patrem,
219 3933 323 4015 ipsum
339 3930 398 3993 sibi
411 3929 520 4012 filium,
534 3933 638 4015 ipsum
650 3930 710 3993 sibi
722 3935 866 3992 sanetum
878 3929 1022 4011 spiritum
1034 3925 1229 3990 confitentur.

135 4033 402 4119 Septuagesimam
420 4040 451 4096 et
465 4035 598 4117 primam
614 4032 769 4095 haeresim
783 4028 944 4110 Adelofagi
959 4027 1159 4110 inchoarunt,
1181 4028 1229 4093 di·
1248 4046 1298 4098 cap.
1315 4047 1388 4088 unxi.

71 4144 181 4205 centes
194 4156 258 4202 non
274 4136 382 4200 decere
398 4136 441 4200 ita
457 4135 560 4200 cibum
575 4156 696 4199 sumere
709 4134 930 4212 Christianum,
945 4138 981 4194 ut
994 4131 1033 4195 ab
1049 4130 1108 4196 alio
1123 4132 1229 4196 videa·

71 4248 125 4306 tur
140 4240 214 4305 dum
229 4240 372 4305 eomedit.
409 4238 448 4302 Et
463 4238 539 4302 haec
555 4237 620 4303 sola
635 4258 728 4303 causa
748 4257 799 4301 cos
815 4234 853 4298 ab
869 4233 1003 4298 ecclesia
1023 4255 1165 4320 separare
1181 4235 1229 4300 di-

70 4346 221 4412 noscitur.
258 4343 444 4409 Trinitatem
459 4343 544 4404 enim
558 4341 698 4406 eiusdem
712 4339 905 4405 substantiae
921 4338 1114 4404 confitentur.
1151 4338 1229 4422 Ege·

71 4454 147 4515 runt
161 4468 233 4513 oum
247 4449 293 4511 eis
308 4445 446 4532 episcopi
462 4443 499 4508 de
514 4442 645 4528 Epheso.

137 4550 405 4639 Septuagesimam
424 4552 456 4612 ct
476 4544 646 4612 secundam
660 4543 814 4612 haeresim
833 4542 1090 4612 Rhetorianornm
1114 4544 1229 4612 aRhe·
1248 4561 1298 4615 cao·
1311 4563 1396 4605 eurr.

124 4668 188 4742 Cap.
199 4669 282 4725 LXX.
295 4698 328 4712 -
341 4668 363 4722 l.
376 4666 532 4736 astrologiae
543 4665 597 4720 MS.
610 4664 677 4735 Auq.
701 4700 706 4710 .
983 4751 1029 4804 17·
