3046 5124
292 349 332 414 72
794 343 945 388 Prinassum

291 502 375 586 rore,
395 507 480 567 utres
498 522 595 568 novos
610 502 794 586 sumendos,
814 505 908 586 inque
929 523 981 568 eos
996 522 1112 568 novum
1126 506 1235 567 vinum
1248 504 1467 588 mittendum,

292 627 357 671 non
377 607 411 670 in
438 610 568 670 veteres.
608 605 648 670 Et
674 628 746 670 cum
772 609 837 670 suis
860 606 1063 670 caecitatibus
1088 611 1257 692 properant
1288 608 1468 691 inservire,

293 708 387 773 alieni
402 709 503 773 modis
518 709 662 772 omnibus
679 709 872 772 Christianae
889 708 997 773 salutis
1013 711 1220 793 reperiuntur,
1236 730 1309 772 cum
1326 718 1466 796 aposto·

292 812 359 875 Ius⁰
375 811 499 875 deiiciat
509 812 761 875 iustificationem
772 811 858 875 illam
869 811 1028 875 Iudaicam
1039 811 1255 895 carnalemque
1267 816 1466 898 vanitatem,

293 915 407 979 Christi
422 920 526 978 autem
543 935 647 977 veram
663 918 694 977 et
707 913 832 999 plenam
848 916 1010 978 confirmet
1021 917 1184 978 scientiam
1197 912 1317 998 dicens,
1344 917 1467 983 Vetera

292 1019 498 1098 transierunt,
514 1027 543 1080 ct
557 1039 624 1080 cccc
639 1039 720 1080 aona
735 1020 839 1081 omnia
848 1040 909 1103 per
928 1015 1187 1101 Cbra'stuoefocta
1200 1028 1283 1081 suot.
1321 1017 1376 1083 De
1392 1019 1465 1104 lege

293 1122 376 1184 enim
391 1119 443 1183 ⁵ut
454 1118 581 1184 umbraf
599 1118 724 1185 dicebat
737 1119 897 1201 domiuus,
917 1127 948 1184 et
968 1120 1005 1184 de
1022 1141 1094 1184 suae
1110 1122 1226 1202 gratiae
1242 1119 1465 1206 plenitudine,

292 1223 482 1305 duorumque
502 1222 665 1285 hominum
685 1223 771 1306 quod·
787 1225 831 1285 ait
850 1223 1038 1308 apostolus&⁷
1058 1223 1185 1286 proauo
1206 1223 1295 1287 bomo
1312 1224 1355 1288 dc
1372 1235 1466 1290 terra

292 1337 447 1405 terrenos,
464 1326 620 1388 necandae
642 1325 730 1389 buozo
753 1326 790 1389 dc
812 1327 896 1389 caclo
920 1327 1066 1390 coelestes.
1101 1325 1190 1402 Quod
1209 1326 1296 1389 euim
1315 1333 1393 1392 erat
1407 1350 1467 1414 per

291 1428 450 1509 umbram,
471 1431 502 1490 et
517 1426 599 1510 quod
615 1433 681 1491 erat
694 1428 832 1492 futurum
847 1430 880 1491 in
896 1427 1014 1492 domini
1028 1430 1206 1512 praesentia
1219 1429 1323 1494 maius
1341 1435 1379 1494 et
1393 1452 1465 1497 me·

291 1529 364 1612 lius⁷
377 1531 436 1594 hoc
452 1530 616 1594 nuntiabat
632 1530 769 1594 docendo
786 1553 821 1594 ao
837 1530 929 1594 rebus
944 1530 1133 1594 testantibus
1149 1530 1382 1598 confirmando.

117 1641 167 1695 cu·
179 1641 275 1685 mvl·
355 1632 420 1696 Alii
435 1638 508 1696 sunt
522 1632 861 1716 ¹Passalorynchitae⁸,
882 1635 934 1716 qui
951 1632 1081 1716 digitum
1096 1635 1294 1717 imponentes
1310 1636 1347 1699 in
1366 1658 1467 1705 nares

293 1741 325 1799 et
346 1756 400 1799 ora
422 1756 479 1798 sua
499 1733 548 1798 ²et
568 1735 652 1799 labia
674 1739 763 1819 quasi
785 1736 964 1799 silentiumb
986 1757 1109 1819 semper
1131 1742 1293 1818 exercent,
1321 1758 1396 1804 non
1419 1745 1468 1808 rei

293 1837 391 1901 aliaec
410 1840 472 1901 nisi
492 1840 696 1902 taciturnitati
717 1841 806 1921 quasi
827 1837 966 1902 studium
985 1837 1225 1902 commodantes.
1258 1839 1329 1904 Hoc
1349 1849 1469 1911 autem

292 1940 1468 2028 facientesquasi³prophetascupiuntimitari‚quiaait⁴Davidprophsta⁶=

293 2043 388 2125 Pone,
405 2045 538 2125 dominc,
555 2046 729 2108 custodiant
745 2045 795 2107 ori
806 2066 886 2124 raeco,
902 2055 930 2107 ct
946 2046 1057 2107 ostiara
1072 2046 1346 2109 circunstantiae
1366 2048 1469 2116 labio

291 2149 376 2210 oreb.
404 2145 443 2210 Et
458 2149 530 2230 quia
544 2150 669 2210 ieiuniis
687 2147 768 2210 beati
783 2147 951 2231 prophetae
967 2145 1130 2210 vacantes‘
1148 2145 1311 2212 silentium
1327 2156 1467 2238 saepius

293 2250 558 2332 ⁵comm0dabaut,
573 2250 646 2313 inde
661 2257 848 2334 usurpantes
863 2252 916 2313 isti
932 2252 1099 2313 aestimant
1113 2249 1382 2337 ⁶observandum‚
1398 2256 1466 2340 Py·

292 2354 483 2436 thagoricam
497 2355 681 2416 vanitarem
695 2355 798 2437 potius
820 2373 912 2437 quam
931 2352 1152 2438 prophetarum
1172 2351 1341 2418 caelestem
1356 2360 1468 2425 vitam

293 2464 325 2521 et
340 2457 527 2542 sapientiam
541 2457 630 2538 sequi
645 2461 856 2540 properantes

359 2659 383 2712 5.
396 2665 425 2712 ut
436 2659 529 2712 umbra
541 2675 592 2726 epo.
606 2663 632 2710 et
643 2659 735 2710 urubra
746 2660 807 2710 b'tri
818 2677 907 2711 omnes.

360 2729 421 2797 Cap.
433 2727 551 2780 LXXII.
569 2732 596 2777 iu
614 2729 669 2778 atr.
688 2731 767 2778 inseri
786 2737 834 2777 rrum
853 2738 889 2778 est
904 2727 1206 2780 Pussrromucnrrrnvu
1223 2745 1362 2784 narsetis.
1384 2764 1422 2776 -
1444 2737 1466 2790 l.

292 2795 523 2850 Passalorinchitae
539 2797 600 2845 libri
614 2813 703 2846 orienes.
755 2746 823 2847 :Cet
839 2796 865 2848 iu
883 2796 952 2847 labia
971 2795 1051 2846 Bate.
1103 2798 1126 2848 3.
1161 2795 1282 2866 rophetas
1298 2798 1399 2854 beatos
1419 2821 1466 2857 cu-

292 2866 412 2983 piuntAA.
465 2864 490 2916 4.
502 2864 585 2916 David
597 2865 697 2928 beatus,
709 2862 824 2917 ronan.
876 2814 1163 2917 acommendabantd.
1216 2864 1240 2917 b.
1257 2867 1357 2936 aliquid
1370 2871 1467 2927 obser·

292 2952 352 2988 vare
392 2974 399 2986 .

327 3106 351 3157 d.
369 3104 492 3169 salvator]
509 3103 600 3156 Matth.
612 3103 659 3156 IX.
674 3103 712 3156 17.
747 3104 803 3168 (F.)
899 3104 1212 3157 stolaadNaucratiumT.
1219 3104 1243 3157 5.
1251 3104 1315 3174 Opp.
1323 3106 1469 3167 Sirmondi

327 3191 349 3226 e.
368 3173 513 3242 apostolus]
531 3172 554 3225 2.
568 3170 682 3224 Corinth.
694 3172 724 3223 V.
740 3172 777 3225 Π.
791 3172 848 3236 (F.)
899 3191 923 3242 p.
936 3172 993 3226 324.
1011 3174 1218 3225 Perriconasatos
1228 3180 1304 3225 vocat
1312 3173 1371 3231 Nic.
1383 3177 1468 3234 Gom·

332 3243 351 3294 I.
373 3247 402 3293 ut
413 3242 515 3307 umbra]
539 3238 579 3292 Ita
598 3240 707 3292 correxi.
725 3239 849 3294 Umbram
899 3258 981 3294 nenus
1004 3242 1162 3321 Papsdopoli
1189 3244 1216 3295 in
1237 3241 1468 3303 Praenotionibus

294 3310 360 3362 dixit
371 3310 490 3377 figuram,
503 3309 631 3377 aenigma.
899 3311 1086 3378 Mystagogrcis
1098 3327 1123 3378 p.
1139 3310 1193 3364 152.
1229 3311 1286 3374 (F.)

327 3394 353 3448 g.
371 3379 408 3429 ait
419 3378 563 3446 apostolus]
583 3378 603 3430 l.
616 3375 729 3430 Corinth.
741 3377 798 3431 XV.
808 3377 848 3433 47.
935 3380 958 3431 b.
975 3379 1045 3430 labia
1074 3379 1131 3430 uasi
1141 3379 1285 3445 silentium]
1307 3378 1385 3434 Sicut
1397 3383 1469 3439 Har-

293 3448 400 3511 (Fahr.)
899 3451 1017 3516 pocrates
1039 3395 1135 3498 sidentii
1152 3448 1215 3499 deus
1233 3447 1314 3516 digito
1332 3449 1469 3509 labellum

328 3515 389 3584 Cap.
402 3513 518 3565 LXXVI.
531 3545 563 3552 —
580 3530 602 3567 a.
615 3514 666 3566 Alii
681 3520 741 3566 sunt
756 3513 848 3566 Passa·
900 3533 957 3567 com
977 3531 1066 3567 essens
1084 3531 1116 3566 ex
1135 3516 1236 3567 rimitur
1252 3516 1280 3567 in
1296 3520 1380 3570 veteri
1400 3537 1469 3577 ang.

293 3581 465 3650 ioryuchitae]
477 3583 530 3634 Hos
539 3583 847 3651 Tascodrungitasdictos
899 3533 1005 3653 glypho‚
1018 3582 1085 3652 quod
1099 3584 1104 3594 '
1127 3590 1227 3635 ustraut
1236 3583 1272 3638 Io.
1282 3583 1469 3645 SmetiusAn-

294 3657 384 3703 auctor
399 3649 557 3720 Epiphanius
573 3650 687 3705 XLVIII.
703 3651 740 3705 14.
752 3669 777 3720 p.
789 3652 848 3706 tro.
899 3653 1021 3720 tiquitatt.
1039 3652 1240 3720 Noviomagens.
1268 3652 1342 3706 ‚127¹
1353 3671 1413 3727 seq.
1428 3661 1468 3715 10,

293 3725 404 3772 testatus
414 3719 503 3769 cacabo
512 3720 616 3772 illorum
624 3720 715 3788 lingua
723 3721 850 3789 paxillum
900 3719 1233 3774 LomeierusDier.GenIal.
1281 3720 1377 3785 s.3.,ot
1408 3744 1470 3783 ηρ.

294 3787 453 3856 siguificare,
475 3788 596 3855 δροῦγγον
612 3805 671 3840 vero
688 3804 781 3839 nasum
793 3789 849 3839 sive
901 3789 975 3859 cipue
986 3790 1014 3840 in
1025 3789 1181 3857 Harpocrate
1194 3805 1250 3852 suo,
1262 3789 1376 3844 Traiecti
1385 3743 1469 3853 LCS'I,

294 3862 418 3909 rostrum:
439 3854 543 3920 „ascahc
561 3854 609 3926 παῤ
627 3855 709 3915 αὐτοῖς
722 3853 848 3915 adsertor
899 3857 923 3908 4.
942 3858 1024 3920 edito,
1043 3858 1152 3908 illustris
1168 3862 1245 3925 atque
1263 3857 1397 3916 eruditiss.
1425 3867 1470 3920 vir

295 3923 411 3991 καλεῖται,
424 3924 545 3994 δροῦγγος
558 3923 584 3975 δὲ
594 3923 695 3993 μυκτὴρ,
705 3921 781 3974 atroce
791 3922 848 3992 ῥύγ-
902 3924 1037 3978 Gisbertus
1050 3925 1174 3994 Cuperus.
1209 3925 1267 3989 (F.)
1464 3933 1470 3943 '

294 4011 339 4061 γος
352 3991 483 4044 καλεῖται.”
512 3992 585 4054 Quod
601 3994 681 4059 igitur
697 3992 762 4043 inter
774 4008 848 4044 oran·
933 4010 954 4045 c.
967 3994 1043 4058 aliae]
1057 3992 1105 4044 Pro
1118 3993 1245 4045 alii-Vide
1255 3993 1470 4058 VossiumIV.6.

295 4053 357 4113 dum
367 4061 405 4112 ilii
416 4060 567 4113 affectarent
583 4062 693 4113 indicem
705 4076 798 4113 manus
811 4060 848 4111 di·
899 4061 1048 4113 Aristarchi.
1083 4061 1139 4125 (F).

295 4130 378 4197 gitum
390 4145 453 4181 naso
465 4131 605 4198 imponere,
621 4127 765 4196 „campeius
777 4125 848 4197 γὰριν
944 4130 968 4181 d.
990 4128 1071 4181 Dauid
1088 4130 1222 4200 propheta]
1240 4129 1307 4182 Psai.
1325 4129 1423 4194 CXLI.
1442 4140 1470 4197 3.

295 4198 335 4248 aad
352 4195 572 4262 ἕθελοδικαιοσύνης
593 4195 730 4262 ἐκλήθησαν
750 4189 797 4246 dard
814 4213 849 4247 τι·
899 4198 1005 4262 (Febr.)

294 4283 342 4317 νων
358 4266 581 4335 Τασκοδρουγῖται,
593 4265 702 4316 τουτέστι
717 4263 849 4315 Πασσαλο-
934 4283 955 4319 e.
975 4266 1069 4318 ostium
1081 4267 1301 4333 circumstantiae]
1319 4266 1407 4340 Θύραν
1422 4294 1470 4330 πε.

296 4335 431 4404 pop-[affl
448 4336 514 4387 Mire
526 4334 585 4385 hiuc
597 4334 660 4386 iilud
672 4350 769 4385 nomen
781 4334 848 4403 apud
901 4337 992 4403 ριοχῆς.
1028 4333 1085 4398 (F.)
1441 4335 1444 4339 '

295 4403 848 4524 {creterrarumrumh
899 4353 1167 4525 ..brissei
1186 4402 1481 4538 retrusus·

295 4536 848 4609 pata,cuiaddequodTaoxoeoopptdi-
899 4539 1005 4603 (sarr.)
1399 4519 1406 4532 '
1461 4525 1469 4539 '

227 4606 234 4625 ‘
296 4612 390 4660 cuntur
401 4605 469 4675 apud
480 4603 643 4658 Theodorum
655 4606 784 4660 Studitam
795 4607 848 4677 epi·
933 4623 958 4678 g.
980 4608 1178 4679 Pythagoritam
1193 4609 1347 4679 vallimtem]
1371 4613 1470 4675 Νθῒῑδ·
