3046 5124
1225 360 1285 431 385

124 509 171 566 toi.
181 510 239 564 599.
257 509 433 580 Chrysoslom.
447 513 478 564 de
489 512 629 582 paeniteat.
641 518 704 566 tom.
713 513 745 568 V.
756 512 802 565 fol.
812 511 871 568 56³.
884 514 1022 586 Augustiu.
1035 514 1066 568 ds
1079 514 1175 570 Genesi
1187 517 1219 570 ad
1230 519 1285 574 lite·

125 595 182 633 ram
195 580 239 632 lib.
248 579 295 633 XI.
307 596 363 651 cap.
373 580 446 634 iiiii.
460 581 490 633 de
504 582 606 634 civitate
619 581 659 634 dei
673 583 716 636 lib.
729 581 759 633 V.
772 598 827 662 cap.
840 582 887 637 iii.

176 647 240 718 Gap.
254 647 386 702 iiiii-
411 648 481 702 Nihil
493 658 586 702 natura
597 666 654 702 esse
671 651 832 702 immutabile
844 651 893 702 nisi
912 653 996 704 solnm
1009 651 1085 704 deum
1097 656 1208 723 patrem]
1235 654 1285 709 Na·

126 717 241 769 ziaiizen.
254 716 347 769 deiide
360 723 424 769 urat.
437 718 531 772 xiix.
561 719 616 771 lios
628 722 753 770 credimus
765 720 940 770 immutabilem
954 730 978 770 et
989 724 1208 783 iurauerant-ten,
1221 728 1287 774 sicul

120 793 233 854 patrem,
246 789 284 836 ita
297 795 320 836 el
325 786 407 874 plina
421 787 469 848 clei,
483 797 506 836 et
516 791 632 854 spiritum
644 797 766 838 sanctum.
787 785 963 839 Theodoretus
981 788 1006 840 in
1021 787 1115 842 Psulni.
1129 788 1178 841 CL.
1191 790 1284 844 Athen.

125 850 300 905 dedivinitate
313 853 411 905 tarsen·
421 854 465 905 toi.
479 852 536 905 339.
555 854 586 906 de
598 860 777 906 incarnatione
789 857 858 906 serbi
874 856 910 908 tol
926 855 984 908 480.
996 856 1077 909 Autor
1089 857 1119 908 de
1132 857 1182 909 fide
1195 858 1227 910 ad
1239 857 1284 912 Pe·

124 924 195 974 trum
208 920 353 990 capXVll.
371 920 496 989 Didymus
509 922 540 973 de
552 923 643 992 spiritu
656 930 746 975 sancto
759 923 803 974 inl.
818 921 874 975 itt.
893 924 1041 992 llierouyin.
1054 924 1084 978 de
1096 924 1145 988 his,
1159 941 1224 994 quae
1237 926 1284 979 ileo

125 988 214 1059 insa.
227 990 376 1042 tribuuntur
392 999 454 1042 toni.
467 989 513 1043 ix.
532 990 576 1044 fol.
589 991 630 1043 iii.
649 991 937 1060 lsidorus,Hispslensis
955 991 985 1043 de
1004 1009 1105 1045 summo
1125 995 1191 1047 bono
1209 995 1252 1046 lib.
1264 994 1284 1048 Ι.

125 1071 184 1127 sap.
196 1057 231 1112 X.
249 1065 358 1110 sentent.
375 1058 418 1109 lib.
436 1058 454 1110 i.
473 1075 528 1127 cap.
542 1058 560 1109 i.
601 1059 722 1111 Rabanns
740 1060 845 1111 Maurus
862 1059 894 1111 de
910 1076 1021 1113 sermon.
1037 1063 1158 1130 propriet.
1178 1062 1221 1114 lib.
1239 1060 1282 1116 iv.

125 1140 182 1196 sap.
195 1125 230 1181 ii.
259 1125 397 1178 Dniandns
409 1133 519 1179 sentent.
532 1128 575 1178 lib.
588 1126 607 1178 Ι.
620 1127 730 1179 distinct
744 1127 809 1181 Vlll.
824 1129 967 1195 quaestion.
980 1127 1003 1181 3.

176 1192 209 1247 nt
221 1193 316 1260 filium]
335 1194 430 1246 Contra
443 1196 508 1246 Arrii
520 1195 641 1259 furorem,
659 1197 703 1264 qni
720 1196 822 1247 dicebat
832 1197 915 1248 filium
928 1213 980 1248 non
993 1214 1048 1249 esse
1061 1198 1284 1250 inconvertibilem

124 1267 154 1316 iit
164 1269 274 1332 patrem,
286 1263 330 1314 sed
343 1263 485 1315 vertibilem
498 1271 672 1315 creaturarum
682 1264 766 1316 niodo.
780 1261 903 1316 Athenas.
916 1272 977 1317 tom.
990 1267 1010 1319 l.
1024 1265 1145 1335 disputat.
1158 1265 1180 1318 i.
1195 1274 1284 1318 contra

124 1331 248 1383 Ainianes
265 1331 309 1385 iol.
326 1332 379 1382 iii.
398 1338 423 1383 et
440 1331 466 1384 iu
485 1343 548 1383 orat.
567 1341 657 1384 contra
674 1333 794 1384 Arrianus
811 1339 873 1385 toni.
886 1332 909 1383 i.
925 1332 970 1386 iol.
984 1332 1024 1387 30.
1054 1334 1173 1386 Socrates
1191 1336 1283 1388 eccles.

124 1397 215 1453 histor.
228 1400 272 1452 lib.
285 1398 304 1453 Ι.
317 1415 346 1451 ca
368 1439 372 1449 .
385 1398 427 1452 iii.
457 1400 551 1452 Hister.
565 1401 608 1452 Tri
627 1407 674 1452 art.
687 1401 731 1453 lib.
743 1400 763 1454 Ι.
775 1416 803 1452 ca
826 1444 830 1453 .
845 1400 916 1452 Xlll.
946 1399 1070 1470 Origenes
1083 1403 1108 1453 in
1121 1402 1224 1454 Numer.
1238 1401 1283 1455 ho·

124 1467 181 1520 mil.
196 1467 302 1537 llicsp.
317 1416 412 1521 iiiiii.
441 1468 494 1519 πεοὶ
507 1468 590 1538 ἀρχῶν
607 1418 649 1521 ΙΙΙ.
663 1468 681 1521 Ι.
698 1485 727 1521 cs
749 1511 754 1522 .
772 1416 836 1520 VIN.
866 1468 1017 1537 Fulgentius
1034 1470 1065 1521 sd
1083 1470 1283 1524 Trasimundum

123 1533 225 1606 Regem
237 1536 282 1588 lib.
294 1535 336 1589 lll.
347 1536 390 1588 tol.
400 1535 441 1588 56.
459 1488 611 1589 TheoNoiet.
621 1538 712 1592 eccles,
726 1485 814 1590 b'istor.
828 1536 872 1588 lib.
883 1536 900 1591 l.
913 1552 969 1606 cap.
980 1536 1021 1589 ii.
1039 1537 1198 1592 sozomenus
1210 1539 1253 1591 lib.
1264 1538 1283 1592 1.

125 1617 183 1675 esp.
195 1603 265 1659 xii.
296 1604 416 1657 Ruffinus
428 1605 518 1658 eccles.
532 1604 620 1658 histor.
633 1606 677 1659 lib.
689 1606 723 1657 X.
736 1620 791 1674 cap.
807 1605 835 1656 V.
854 1605 928 1668 Illos,
941 1611 983 1674 ριν·
995 1609 1082 1658 dicunt
1098 1609 1283 1660 convertibilem

126 1682 173 1726 usit
184 1674 325 1724 mutabilem
338 1690 390 1725 esse
396 1675 479 1740 filiuni
493 1677 540 1734 clei¹
554 1674 754 1726 arratlieniotizat
765 1673 893 1724 catholica
907 1683 931 1725 et
942 1676 1082 1743 apostolica
1095 1677 1210 1727 ecclesia.

176 1738 239 1811 Cap.
251 1739 319 1794 iiii.
331 1770 364 1778 -
393 1741 486 1808 Angeli
503 1758 554 1794 non
572 1749 664 1793 natura
681 1741 815 1811 possident
828 1742 934 1808 honuni]
964 1743 1058 1811 Angeli
1070 1760 1121 1795 non
1134 1743 1284 1797 naturaliter

126 1810 300 1870 sanctisunt,
318 1809 363 1862 sed
381 1809 413 1861 sd
430 1811 514 1862 sancti
531 1811 686 1864 vocabulum
703 1809 752 1863 fide
771 1817 796 1862 et
811 1811 907 1879 placita
924 1809 970 1862 deo
987 1813 1189 1875 conversatione,
1207 1821 1284 1900 stoue

124 1877 135 1930 i
149 1877 331 1998 ¹sliuusppiriatupl
341 1878 424 1998 ορορρί
435 1877 648 1999 ειηοῐίριρεῒρριιο,
660 1886 792 1998 νεορτορρρ.
808 1877 966 1998 t'Fausbianl
974 1878 1005 1931 de
1017 1878 1067 1998 lliplp
1080 1895 1136 1949 cap.
1151 1878 1204 2000 VAlll.
1235 1883 1284 2000 bpl·

187 1963 199 1997 s
245 1962 378 1998 eiiu.in
421 1962 568 1999 esnnroi.
617 1963 665 2000 ,es
687 1986 724 1998 ..
793 1962 875 1999 sicus
905 1963 918 1998 e
968 1963 989 2000 e.
1043 1964 1051 1997 i
1104 1963 1145 1999 ins
1190 1964 1284 2001 enan.

124 2013 179 2068 iiie
198 2015 240 2068 ist.
254 2012 372 2066 lobeni.
386 2031 442 2084 cap.
456 2014 497 2068 ΙΙΙ,
513 2014 544 2066 de
557 2015 648 2094 spiritu
661 1963 750 2066 spineto
764 2015 806 2067 lib.
819 2015 838 2066 i.
857 2013 900 2066 Ori
921 2030 961 2066 en.
974 2031 1003 2065 πε
1016 2013 1027 2064 l
1040 1963 1123 2084 inp-{Nu
1137 2016 1178 2067 lib.
1189 2015 1208 2071 l.
1222 2033 1243 2068 c.
1254 2016 1284 2069 V.

126 2088 153 2134 st
163 2029 230 2134 ibit
257 2081 370 2135 Basilius
383 2083 496 2150 Magnus
509 2098 625 2136 concion.
639 2081 705 2135 iiii.
718 2081 743 2134 in
756 2080 851 2134 Psalm.
863 2082 889 2134 X
918 2080 976 2135 xii.
996 2031 1027 2135 ise
1039 2099 1060 2136 s.
1074 2091 1164 2136 sancto
1176 2099 1198 2138 e.
1210 2083 1285 2139 xiii.

125 2148 252 2204 athanas.
265 2150 360 2217 dialog.
374 2150 392 2204 i.
421 2146 600 2203 Nazianzenus
614 2156 677 2202 orat.
689 2149 779 2203 XLIV.

177 2218 268 2272 Ssutti
279 2220 366 2289 angeli
378 2222 514 2285 nocentur]
534 2219 624 2272 Sancti
636 2236 667 2271 an
689 2220 723 2271 eli
734 2223 859 2272 vocantur
871 2234 916 2288 pro
936 2226 974 2271 ter
982 2217 1192 2289 pulcherrimum,
1203 2220 1284 2274 incul-

124 2285 263 2359 pabileque
276 2288 455 2349 ministerium,
469 2287 537 2356 quod
550 2287 597 2340 deo
611 2234 742 2340 exhibent.
771 2285 843 2340 Philo
857 2286 887 2339 de
901 2235 1065 2356 abuentibus.

177 2353 240 2476 Cap.
251 2355 307 2410 LX.
320 2386 353 2395 —
382 2355 503 2408 Omnium
521 2365 695 2409 ereaturarum
714 2356 810 2408 honam
826 2355 964 2408 confitetur
976 2357 1160 2423 substantiam]
1188 2356 1284 2411 Contra

124 2423 212 2478 Mauic
232 2425 405 2488 usitatorum,
419 2425 463 2494 qui
476 2424 539 2476 duas
551 2433 657 2476 naturas
670 2432 748 2493 atque
762 2424 930 2487 substantias,
944 2424 1004 2476 boni
1017 2425 1115 2477 scilicet
1127 2433 1151 2477 et
1163 2426 1232 2488 mali,
1245 2443 1284 2478 se·

145 2506 210 2546 tiens
227 2494 293 2545 alios
312 2494 431 2574 antiquos
449 2492 605 2554 haereticos,
624 2494 745 2545 oiinstns
758 2499 804 2546 est
834 2493 972 2561 Augustis.
985 2493 1015 2544 de
1028 2491 1125 2547 haeres.
1138 2509 1193 2564 cap.
1206 2493 1284 2546 XLV.

142 2576 157 2614 e
174 2560 221 2613 reli
241 2563 300 2614 ione
317 2561 454 2614 Christian.
472 2578 526 2632 cap.
540 2562 586 2616 ix.
598 2511 671 2614 xiii.
683 2560 781 2614 xxiii.
799 2560 830 2613 de
848 2562 962 2614 moribus
976 2559 1185 2614 Manichaeorum
1199 2562 1241 2614 lih.
1254 2561 1285 2615 ll.

126 2643 182 2700 esp.
196 2575 261 2683 VNl.
282 2629 446 2699 Soliloqnior.
459 2631 502 2685 lib.
517 2629 535 2684 Ι.
549 2646 579 2682 cs
599 2670 604 2682 .
618 2628 636 2682 Ι.
649 2638 739 2683 contra
749 2628 874 2682 Faustum
884 2628 1064 2682 Manichseum
1077 2630 1120 2681 lib.
1135 2629 1176 2682 Vl.
1188 2646 1242 2701 cap.
1255 2629 1284 2684 ii.

125 2706 217 2751 contra
234 2696 325 2750 inlisu.
344 2699 386 2750 lib.
400 2698 418 2749 i.
436 2698 551 2769 capili.
579 2647 603 2750 Ι)

125 2765 224 2820 iiiiii.
237 2764 361 2820 XXXVI.
374 2766 465 2820 iiiii.
495 2767 576 2819 Autor
594 2767 625 2819 de
641 2766 692 2820 fide
710 2766 743 2818 ad
760 2766 863 2818 Petrum
876 2765 1019 2818 Diaconum
1038 2782 1093 2836 cap.
1105 2766 1178 2820 iiiii.
1208 2766 1285 2820 Atha·

124 2850 182 2888 iias.
195 2841 284 2887 contra
296 2841 386 2904 gentes
404 2835 447 2888 iol.
460 2834 483 2887 i.
513 2835 692 2888 Damascenus
711 2835 806 2904 dialog.
824 2842 913 2887 contra
929 2833 1094 2888 Manichaeos
1112 2833 1285 2905 pag.951.de

126 2900 177 2957 lide
190 2900 325 2957 orthodox.
345 2904 388 2955 lih.
400 2903 444 2957 IV.
462 2919 490 2956 ca
512 2904 603 2957 ‚xiii
633 2903 805 2971 Hieronymus
821 2904 848 2955 in
865 2903 1021 2956 Hieremiam
1036 2903 1079 2955 lib.
1094 2903 1112 2957 l.
1135 2901 1286 2973 capillis

125 2969 287 3025 Ezechielem
303 2972 347 3024 lib.
359 2971 401 3024 lV.
415 2987 470 3041 cap.
484 2920 605 3025 ibiii’iii.
624 2972 748 3024 adversus
764 2971 918 3041 Pelagianos
935 2988 956 3024 e.
968 2971 1012 3025 iv,
1042 2971 1154 3024 Basilius
1172 2972 1285 3041 Magnus

126 3036 216 3093 homil.
229 3039 252 3094 2.
265 3041 292 3092 in
304 3041 491 3092 Hensemeron.
505 3041 567 3092 etin
581 3041 704 3093 concione
720 3039 793 3100 Quod
801 3046 861 3091 tens
874 3059 920 3092 non
930 3045 964 3092 sit
977 3049 1066 3092 auctor
1075 3041 1204 3093 malorum.
1224 3041 1286 3094 lire-

127 3109 216 3179 gorius
229 3107 382 3160 Nazianzen.
400 3117 462 3162 orat.
475 3108 530 3162 XL.
547 3109 573 3160 iii
587 3125 606 3163 s.
624 3109 656 3160 ba
676 3111 754 3160 tisuia
766 3108 809 3162 iol.
824 3107 881 3162 671.
910 3107 1009 3159 Ilioneus
1041 3107 1055 3173 'l
1072 3107 1156 3159 οὐσίαν
1173 3107 1226 3160 τινὰ
1241 3112 1285 3161 τοῦ

127 3181 204 3228 κακοῦ
216 3169 282 3243 εἶναι,
296 3195 313 3245 p
331 3194 355 3227 τε
369 3176 490 3238 βασιλείαν
502 3177 517 3242 ἢ
531 3125 678 3247 ἄναρχονῆ
692 3174 741 3247 παῤ
755 3173 839 3242 ἑαυτῆς
851 3175 1004 3243 laesisset,
1017 3127 1111 3246 Naupli
1122 3181 1166 3229 τοῦ
1179 3177 1233 3229 θεοῦ
1246 3194 1286 3247 γε·

126 3237 1286 3386 ΙΙΙ.ΙΙΙΙΙΙΙΙΙΙΙΙΙΙΙΙΙΙΙΙΙΙΙΙΙΙΙΙΙΙΙΙΙΙΙΙ

125 3385 180 3434 lam
192 3354 327 3450 asplbslnn
341 3376 382 3432 ὀνο
403 3379 467 3432 ason
477 3397 538 3452 pag.
550 3381 608 3434 313.
622 3390 647 3432 et
659 3388 775 3450 sequent.

177 3449 239 3520 Cap.
252 3449 321 3502 ixi.
336 3481 368 3489 -
384 3401 429 3503 bn
442 3457 498 3503 ntes
518 3451 663 3517 angelicae,
682 3466 749 3519 quse
766 3449 792 3502 iu
810 3449 896 3503 divino
915 3466 1001 3504 amore
1019 3451 1087 3504 fixae
1108 3449 1284 3521 perstiterunt]

126 3518 265 3588 Angustia.
274 3516 414 3573 enchiridio
427 3519 633 3572 adLaurentinm
646 3535 674 3570 ca
697 3558 701 3568 .
714 3517 880 3572 xxviii-ie
890 3520 1050 3590 correptione
1059 3528 1084 3571 et
1093 3520 1176 3588 gratia
1186 3535 1240 3599 cap.
1251 3518 1285 3572 X.

125 3588 208 3642 Autor
220 3586 251 3639 de
263 3586 314 3639 fide
326 3587 358 3639 sd
371 3587 474 3640 Petrum
487 3588 632 3642 Diaconum
644 3603 666 3638 c.
706 3585 775 3639 xiii.
804 3585 1285 3657 lsidorusllispalens.eeiiteilt.l1b.l.
1343 3621 1347 3631 ·

125 3669 182 3726 sap.
194 3655 229 3708 X.
259 3654 329 3708 Beda
342 3657 367 3707 in
380 3655 433 3708 Iob.
447 3674 500 3738 cap.
512 3656 555 3709 lV.
584 3655 718 3725 Philippus
735 3656 869 3726 presbyter
886 3657 913 3708 in
930 3655 983 3709 lob.
1000 3656 1043 3707 lib.
1060 3657 1081 3708 l.
1100 3670 1154 3724 cap.
1167 3655 1191 3707 6.
1203 3655 1248 3710 lib.
1261 3653 1284 3709 2.

128 3739 185 3794 esp.
196 3724 281 3778 XXV.
313 3726 449 3777 Caesarius
461 3725 556 3794 dialog.
567 3723 585 3778 l.
606 3723 783 3777 Nazianzenus
796 3733 859 3778 orat.
872 3724 902 3776 ii.
916 3725 941 3776 in
954 3740 975 3776 s.
988 3721 1092 3792 pascha.

177 3791 239 3864 (lap.
252 3792 331 3846 LXII.
344 3822 378 3831 -
395 3793 470 3845 Tales
482 3795 560 3846 creati
573 3802 633 3846 snut
644 3793 739 3863 angeli.
752 3801 781 3846 ut
792 3794 814 3845 si
827 3794 928 3856 vellent,
941 3793 967 3844 in
981 3791 1145 3843 beatitudiuis
1155 3791 1213 3844 lnce
1229 3807 1285 3861 per·

126 3861 258 3928 sisterent]
277 3861 454 3914 Damascenns
467 3862 497 3915 de
510 3863 560 3916 fide
574 3860 717 3915 orthodoxa
730 3862 774 3914 lib.
787 3860 809 3914 2.
823 3878 878 3931 cap.
891 3861 915 3914 3.
946 3857 1000 3910 itai
1016 3858 1094 3911 τοίνυν
1107 3858 1176 3927 φύσις
1188 3857 1285 3929 lopun,

126 3929 294 3999 vespasiani
311 3929 475 3997 αὖτεξούσιος,
494 3933 584 4000 τρεπτή
596 3930 662 3999 nasa
671 3929 784 4000 γνώμην,
801 3929 854 3995 ἤτοι
872 3927 1051 3997 ἐθελότρεπτος.
1071 3929 1117 3979 πᾶν
1129 3925 1176 3998 γὰρ
1190 3927 1285 3980 κτιστὴν

126 3998 166 4050 sal
178 3997 297 4067 τρεπτὴν,
322 4000 396 4067 μόνον
409 3997 435 4049 δὲ
447 3999 475 4049 τὸ
488 3996 600 4051 ἄκτιστον
618 3995 748 4069 ἄτρεπτον,
762 3997 801 4049 nal
814 3999 860 4048 asin
873 3994 973 4064 λογικὸν
991 3995 1151 4056 αὐτεξούσιον.
1182 3994 1225 4056 Ὦς
1243 3994 1285 4067 μὲν

127 4060 168 4118 sin
181 4065 277 4136 λογικὴ,
290 4068 330 4117 nal
343 4066 413 4136 νοερὰ
425 4065 578 4127 αὖτεξοόσιός
591 4066 661 4119 ἐστιν,
685 4065 728 4127 Ὡς
742 4065 768 4118 δὲ
780 4063 875 4132 aaroni,
893 4063 996 4133 τρεπτὴ,
1014 4061 1106 4134 ἔχουσα
1118 4062 1226 4125 ἐξουσίαν
1245 4064 1285 4116 καὶ

126 4134 215 4205 μένειν,
233 4135 272 4186 nal
285 4137 431 4205 προκόπτειν
444 4133 468 4186 ἐν
480 4139 516 4204 τῷ
529 4132 628 4205 ἀγαθῷ,
645 4135 685 4187 nal
698 4133 736 4186 tn
748 4134 776 4185 ab
789 4136 871 4203 χέῖρον
888 4131 1022 4202 τρέπεσθαι.
1052 4133 1102 4184 Est
1117 4153 1175 4201 erpo
1192 4143 1286 4186 nutura

126 4207 213 4272 unpeli
228 4207 373 4267 rationalis,
392 4215 415 4256 et
425 4205 611 4266 intellectualis,
624 4215 648 4256 et
658 4206 740 4257 libero
749 4211 880 4271 potestate,
893 4202 1048 4271 arbitrioque
1058 4203 1144 4269 jblta5
1161 4203 1285 4254 vertibilis

125 4274 259 4325 seeundum
268 4278 434 4342 propos-itum,
446 4277 499 4325 siue
508 4273 633 4324 uoluntate
641 4273 777 4325 insatiabilis.
796 4271 866 4322 Noni
876 4288 945 4322 omne
954 4280 1066 4322 creatum
1074 4271 1196 4333 vertibile,
1208 4271 1286 4322 solnm

127 4351 208 4394 centeni
223 4346 364 4395 increatum
380 4342 536 4394 incertibile:
555 4352 580 4392 et
595 4359 664 4393 omne
681 4339 808 4393 rationale
821 4348 945 4407 potestate
962 4340 1073 4391 liberum.
1102 4338 1285 4392 intellectualis

126 4425 185 4528 ἵρο
198 4419 299 4474 notura,
311 4421 340 4462 ut
347 4413 488 4492 rationalis
494 4418 619 4491 potestate
630 4411 712 4462 libera
725 4417 813 4528 cstidnt
823 4416 913 4489 creata
925 4424 983 4526 ι’ρνρ
995 4408 1128 4528 ⁰3⁸⁶&
1138 4415 1285 4530 ροΙερΙαΙρρι

124 4478 758 4666 iil-‘titillatitt⁶iilttlltintpl
770 4486 1013 4624 iititzlsiit'
1021 4485 1285 4615 iustitiis:

125 4616 263 4670 moralium
274 4617 318 4670 iib.
330 4614 372 4670 iv.
387 4632 443 4685 esp.
547 4654 552 4669 .
571 4617 653 4667 Autor
664 4613 695 4666 de
725 4611 757 4666 de
769 4610 911 4666 adPetrum
917 4612 1061 4667 Diaconum
1074 4611 1178 4684 caplll.
1195 4612 1285 4667 Petrus

1052 4698 1084 4751 ‘25

605 2700 678 2768 apiae
696 2699 721 2750 in
740 2714 802 2750 voce
819 2698 976 2750 ‚ltorn‘clioei
1009 2696 1169 2768 Epiphanius
1187 2696 1285 2754 haeres.
