3046 5124
259 327 321 392 306
679 322 809 365 Ismenus
821 320 1004 364 merulanam

258 481 369 545 viduas
384 483 412 545 si
425 480 600 565 nupserint,
613 486 764 564 tanquam
777 479 934 546 adulteras
950 479 1111 560 damnant,
1122 477 1308 544 mundiores
1323 496 1356 541 se
1368 497 1416 543 oe·

258 587 334 647 teris
348 582 538 669 praedicant.
563 583 622 660 Qui
636 603 749 648 nomen
765 604 856 648 suum
870 585 898 647 si
913 601 1099 666 cognoscere
1114 580 1253 664 vellent,
1268 601 1303 645 se
1317 579 1418 665 potius

257 686 431 751 mundanos
447 706 540 768 qnam
555 685 706 750 ⁵mundos
720 692 877 751 vocarent.

320 789 369 853 29.
392 787 535 854 Pauliani
556 809 575 851 a
595 787 692 853 Paulo
715 787 918 853 samosateno
940 789 1044 853 vocati
1063 793 1155 868 sunt,
1177 789 1234 872 qui
1255 783 1337 851 dixit
1358 804 1419 849 nou

258 911 380 975 semper
395 892 491 954 inisse
507 890 676 972 Christum,
691 891 747 955 sed
762 913 782 955 a
795 891 892 954 Maria
907 890 1079 974 sumpsisse
1093 891 1231 953 initium.

320 993 370 1057 30.
392 993 635 1076 Hermogeniani
650 992 688 1057 ab
704 994 897 1076 Hermogene
913 992 1173 1077 quodamuocati,
1188 992 1245 1076 qui
1255 991 1420 1057 materiam

256 1116 320 1161 non
334 1101 442 1159 natam
455 1096 658 1161 introducens
674 1095 731 1160 deo
746 1117 810 1161 non
825 1101 899 1160 nato
915 1115 984 1160 eam
999 1096 1208 1181 comparavit,
1222 1100 1418 1177 matremque

257 1198 481 1263 elementorum
497 1203 528 1262 et
543 1197 634 1262 deam
649 1201 792 1264 asseruit.
824 1199 906 1275 Quos
922 1197 1081 1282 apostolus
1097 1196 1265 1282 improbat,
1280 1195 1418 1262 elemen-

255 1301 297 1366 tis
312 1303 493 1366 servientes.

319 1404 368 1468 31.
390 1403 565 1468 Manichaei
578 1425 598 1466 a
612 1404 746 1487 quodam
765 1404 861 1469 Persa
880 1403 1050 1467 extiterunt
1070 1404 1123 1487 qui
1141 1406 1273 1467 uocatus
1288 1406 1339 1467 est
1351 1400 1417 1467 lla·

255 1527 321 1570 nes.
358 1506 417 1570 Hic
434 1506 511 1570 duas
526 1512 653 1570 naturas
669 1512 700 1569 et
715 1505 908 1570 substantias
923 1504 1110 1587 introduxit,
1130 1504 1164 1570 id
1185 1510 1237 1569 est
1254 1504 1373 1570 bonam
1387 1510 1418 1569 et

255 1608 385 1691 malam,
407 1613 438 1671 ot
460 1608 579 1672 animas
601 1629 639 1671 ex
659 1608 715 1673 deo
739 1610 828 1692 quasi
849 1629 887 1672 ex
908 1607 1011 1692 aliquo
1027 1607 1112 1671 fonte
1127 1628 1257 1673 manare
1272 1608 1416 1672 asseruit

256 1710 491 1775 Testamentum
505 1716 595 1775 vetus
610 1718 771 1796 respuunt,
785 1731 900 1777 novum
916 1731 955 1774 ex
969 1716 1057 1794 parte
1073 1711 1239 1796 recipiunt.
1352 1784 1356 1791 ⁴

319 1813 369 1877 32.
392 1812 587 1894 ⁶Anomiani,
603 1815 655 1897 qui
670 1812 779 1877 Latine
795 1815 862 1877 sine
878 1812 945 1896 lege
962 1813 1119 1877 dicuntur.

317 1916 368 1980 33.
390 1915 728 2001 Anthropomorphitae
750 1915 825 1979 dicti
845 1937 900 2000 pro
921 1936 958 1979 eo
979 1915 1062 1999 quod
1081 1913 1285 2000 simplicitate
1300 1917 1417 1980 rustica

255 2017 347 2082 domn
362 2018 477 2083 habere
491 2019 629 2083 humana
643 2019 799 2101 membra,
819 2038 898 2101 quae
913 2020 947 2081 in
962 2017 1076 2082 divinis
1091 2016 1181 2082 libris
1196 2019 1319 2104 scripta
1332 2023 1416 2099 sunt,

254 2120 452 2185 arbitrantur.
474 2114 643 2210 Ἄνθρωπος
658 2121 742 2186 euim
758 2122 886 2203 Graece,
900 2119 1009 2184 Latine
1024 2119 1115 2184 homo
1128 2118 1254 2203 dicitur,
1267 2123 1415 2205 ignoran-

253 2228 301 2288 tes
316 2244 424 2288 vocem
439 2223 567 2305 domini,
583 2224 636 2308 qui
651 2226 708 2287 ait:
723 2222 876 2307 ⁷Spiritus
891 2228 1020 2287 sanctus
1035 2222 1110 2286 dous
1126 2227 1184 2286 est
1209 2221 1415 2309 incorporeus

254 2325 330 2391 deus
342 2332 390 2390 est
402 2328 496 2408 enim,
508 2347 565 2391 nec
574 2326 722 2390 membris
731 2326 942 2408 distinguitur,
954 2346 1010 2389 nec
1020 2326 1156 2410 corporis
1164 2324 1248 2390 mole
1256 2331 1413 2392 censetur.

316 2429 367 2493 34.
389 2429 558 2493 ⁸Erachtae
573 2428 612 2494 ab
626 2429 746 2494 Eraclio
763 2434 887 2493 auctore
903 2430 1011 2493 exorti.
1040 2426 1209 2493 Monachos
1223 2435 1352 2494 tantum
1365 2448 1413 2493 ro·

254 2533 388 2617 cipiunt,
409 2534 551 2615 coniugia
569 2537 736 2616 respuunt,
757 2531 902 2616 parvulos
922 2530 1037 2595 habere
1056 2551 1153 2614 regna
1172 2530 1334 2597 caelorum
1352 2551 1413 2597 nou

253 2635 392 2699 credunt.

315 2737 365 2802 35.
387 2737 555 2803 Novatiani
569 2759 588 2800 a
601 2736 721 2802 Novato
736 2736 824 2803 urbis
838 2738 955 2801 Romae
969 2736 1151 2822 presbytero
1164 2738 1276 2818 exorti,
1292 2739 1347 2822 qui
1357 2736 1411 2802 ad·

251 2861 360 2905 versus
376 2840 552 2904 Cornelium
567 2840 746 2904 cathedram
761 2839 985 2904 sacerdotalem
1001 2845 1130 2905 conatus
1142 2838 1292 2903 invadere
1303 2839 1409 2905 haere·

251 2946 311 3007 sim
325 2945 472 3024 instituit,
487 2943 597 3007 nolens
612 2948 771 3027 apostotas
786 2942 944 3027 suscipere
966 2948 998 3006 et
1012 2942 1210 3027 rebaptizans
1227 2942 1408 3028 baptizatos.

313 3045 363 3109 36.
386 3046 526 3110 Montani
547 3046 695 3111 haeretici
720 3045 797 3110 dicti
816 3046 898 3130 quod
919 3047 952 3109 in
973 3052 1113 3130 tempore
1132 3045 1362 3130 persecutionis
1378 3048 1409 3110 in

140 3135 144 3143 ’
250 3149 408 3212 montibus
423 3147 557 3232 latuere,
580 3169 641 3232 qua
661 3150 823 3213 occasione
842 3169 876 3213 se
896 3147 1100 3213 acatholicae
1115 3147 1269 3213 ecclesiae
1283 3167 1408 3235 corpore

251 3250 432 3314 diviserunt.

313 3354 363 3418 37.
386 3352 1131 3439 EbionitaeabEbioncdicti,siveapaupertato.
1155 3352 1317 3419 Christum
1328 3356 1409 3419 euim

249 3456 261 3494 ⁹
267 3476 322 3542 per
336 3455 510 3541 proiectum
525 3454 625 3520 solum
641 3477 749 3521 verum
763 3458 882 3521 iustum
895 3462 1008 3542 putant
1023 3457 1178 3522 effectum.
1213 3456 1309 3523 Unde
1325 3478 1407 3523 com·

249 3565 393 3645 potenter
412 3559 574 3624 Ebionitae
595 3580 650 3643 pro
672 3564 855 3645 paupertate
875 3558 1024 3644 appellati
1044 3566 1126 3623 sunt.
1162 3560 1205 3624 Hi
1219 3558 1408 3625 Semiiudaei

249 3669 332 3746 sunt,
348 3670 379 3727 et
393 3665 437 3726 ita
451 3669 562 3727 tenent
571 3661 777 3745 evangelium,
791 3669 828 3726 ut
837 3662 937 3745 legem
950 3662 1116 3726 carnaliter
1127 3668 1264 3727 servent.
1286 3662 1407 3729 Adver-

248 3788 301 3830 sus
317 3788 393 3851 quos
409 3766 449 3830 ad
465 3766 590 3831 Galatas
605 3765 764 3851 apostolus
779 3765 920 3831 scribens
935 3765 1101 3829 inuehitur.

311 3869 362 3934 38.
384 3868 564 3934 Photiniani
584 3869 633 3932 ¹⁰a
651 3867 785 3932 Photino
811 3869 849 3932 de
874 3866 1101 3951 Gallograecia,
1123 3866 1230 3933 Sirmii
1252 3869 1408 3955 episcopo,

248 3975 433 4057 nuncupati,
455 3975 507 4057 qui
521 3972 738 4038 Ebionitarum
758 3970 913 4036 haeresim
929 3973 1085 4035 suscitans
1100 3973 1235 4037 asseruit
1249 3970 1407 4039 Christum

247 4096 267 4137 a
280 4075 377 4139 Maria
390 4095 446 4160 per
460 4076 572 4162 Ioseph
587 4074 719 4161 nuptiali
736 4077 818 4140 coitu
832 4075 929 4139 luisse
945 4079 1140 4160 conceptum.

296 4259 321 4312 5.
337 4260 460 4312 Similiter
472 4265 497 4313 ia
510 4266 700 4314 comitiacorum
714 4263 780 4314 ludit
786 4261 955 4329 Hieronymus
966 4265 992 4313 io
1008 4261 1069 4313 Osee
1081 4279 1102 4313 c.
1109 4260 1151 4315 14.
1165 4260 1406 4331 om.111,p.1331.

251 4326 313 4398 opp.
327 4330 365 4381 ed.
379 4328 474 4384 Bened.
538 4329 562 4383 6.
577 4329 629 4384 Om.
642 4331 750 4383 Arcani.
768 4331 801 4382 In
829 4330 961 4381 cibasdom
973 4331 1047 4381 libris
1058 4330 1216 4381 conceaatur
1222 4340 1285 4401 post
1295 4330 1405 4383 Anthro-

244 4397 428 4466 pomorptiroa.
480 4397 729 4463 7.10hann.1v‚24.
775 4397 800 4451 8.
812 4349 891 4450 lmmo
902 4398 1047 4451 Ilieracitae
1059 4397 1093 4451 ab
1103 4397 1220 4452 Hieraca
1266 4398 1291 4453 9.
1304 4398 1406 4451 Incite

247 4466 339 4531 ἱερέων
351 4466 424 4517 libris
454 4482 482 4518 er
493 4472 657 4536 provectum,
674 4470 748 4537 volgo
764 4483 811 4538 per
822 4464 983 4536 prophetam.
1001 4467 1270 4539 Rescribenduarpoto
1299 4466 1405 4521 ordeso-

247 4538 326 4587 ctum.
380 4482 476 4613 103dta
489 4537 620 4587 emendavi
631 4534 695 4587 haec
707 4536 786 4589 cerda
798 4534 945 4587 eaHs'erorr.
959 4484 1303 4606 descmpn.Eec1.e.10l.
1327 4536 1404 4605 Vulgo

247 4609 341 4654 estora
352 4600 462 4656 Photrno
475 4601 670 4674 Gallograeciae
679 4603 789 4660 Sirmioe
797 4603 921 4675 episcopo
932 4612 988 4657 cett.
