3046 5124
237 355 299 421 2¹12
658 353 973 397 maeno-munuum

153 588 154 591 Ἴ
236 508 357 573 nander
371 529 440 573 esse
456 509 590 591 dicebat,
605 529 722 593 negans
736 510 851 576 habere
866 533 959 598 posse
975 531 1163 598 quemquam
1174 511 1322 594 salutem,
1335 514 1391 577 nisi

236 614 269 676 in
284 615 410 676 nomine
426 633 480 676 suo
496 611 672 696 baptizatus
686 614 805 679 fuisset.

118 726 168 778 0¹1³·
181 728 219 768 111·
300 715 430 779 Secutus
447 721 495 779 est
509 716 669 800 posthaec
685 718 717 780 et
728 716 925 799 Saturninus,
940 724 971 782 et
984 717 1036 783 hic
1051 716 1196 782 similiter
1211 717 1322 783 dicens
1336 718 1392 784 ¹in·

237 817 421 882 nascibilem
435 819 605 900 uirtutem,
619 819 651 883 id
667 826 715 883 est
730 819 840 901 deum,
858 821 892 884 in
907 823 1038 885 summis
1053 827 1085 885 et
1098 820 1161 885 illis
1176 822 1312 885 infinitis
1326 843 1393 907 par·

192 964 195 969 -
235 921 319 985 tibus
336 927 367 984 et
381 923 413 984 in
429 921 639 1005 superioribus
654 942 797 1004 manere,
816 921 907 1005 longe
922 917 1027 987 autem
1042 922 1196 988 distantes
1211 923 1252 990 ab
1268 922 1327 990 hoc
1341 945 1394 989 an·

236 1023 319 1106 gelos
335 1022 529 1088 ²inleriorcm
544 1024 695 1088 mnndum
707 1026 830 1106 fecisse,
845 1031 877 1088 et
888 1027 961 1108 quia
971 1024 1119 1110 splendor
1130 1025 1261 1110 quidam
1272 1025 1395 1091 luminis

236 1125 399 1190 desursum
414 1129 447 1189 in
461 1126 660 1191 inferioribus
680 1127 868 1210 refulsisset,
889 1126 929 1191 ad
948 1126 1187 1191 similitudinem
1204 1127 1291 1193 illius
1306 1128 1394 1195 lumi·

235 1231 283 1293 nis
299 1229 425 1312 angelos
440 1227 599 1293 hominem
612 1231 775 1295 instituere
795 1250 929 1295 curasse.
965 1230 1057 1295 Hunc
1072 1251 1166 1316 super
1180 1235 1299 1295 terram
1313 1233 1394 1297 iacu-

235 1334 296 1395 isse
319 1337 507 1416 reptantem;
534 1334 621 1396 cuius
641 1332 747 1399 lumen
773 1330 850 1396 illud
877 1337 909 1395 et
926 1334 1075 1396 uirtutem
1094 1331 1182 1396 illam
1204 1336 1395 1420 superiorem

234 1441 360 1519 propter
374 1434 620 1499 misericordiam
641 1433 796 1498 ³scintilla
810 1437 950 1499 animem
965 1435 1119 1518 salvasse,
1139 1441 1248 1501 cetera
1261 1436 1395 1502 hominia

234 1539 350 1620 perire;
366 1536 524 1601 Christum
539 1540 572 1600 in
591 1536 766 1600 substantia
781 1539 917 1622 corporis
930 1558 993 1601 uon
1007 1538 1115 1619 fuisse,
1130 1543 1163 1601 et
1176 1536 1394 1622 phantasmata

235 1645 356 1703 tantum
371 1642 459 1723 quasi
474 1661 602 1724 passum
616 1641 728 1720 luisso;
745 1642 1004 1706 resurrectionem
1019 1643 1122 1705 carnis
1135 1639 1224 1706 nullo
1239 1641 1334 1709 modo
1349 1643 1394 1707 iu·

233 1748 335 1807 turam
350 1763 428 1807 esso.

124 1868 217 1920 caeru.
295 1846 409 1910 Postea
433 1844 587 1909 Basilides
612 1845 788 1910 hacreticus
813 1847 924 1931 erupit.
960 1846 1020 1910 Hic
1046 1866 1116 1910 esso
1138 1846 1217 1912 dicit
1240 1866 1395 1913 summum

234 1947 326 2013 deum
341 1950 466 2013 nomine
487 1948 648 2029 Abraxan,
664 1967 724 2031 qno
739 1953 878 2013 mentem
896 1955 1048 2031 creatam,
1064 1968 1157 2033 quam
1174 1950 1295 2014 Graeco
1312 1954 1394 2009 horn

233 2051 385 2136 appellat;
406 2051 479 2115 inde
494 2049 640 2132 verbum,
660 2071 698 2114 ex
713 2050 765 2115 illo
779 2049 1027 2137 providentiam,
1046 2052 1196 2116 vimutem
1217 2058 1252 2117 et
1271 2055 1394 2141 sapien·

231 2157 319 2236 tiam,
334 2174 373 2218 ex
387 2156 464 2239 ipsis
479 2153 553 2217 inde
568 2155 762 2238 principatus
783 2160 814 2217 et
827 2159 1000 2238 potestates
1021 2159 1053 2218 et
1065 2153 1193 2236 angelos
1207 2155 1323 2239 faama,
1342 2156 1395 2222 dc·

231 2255 304 2321 indo
319 2257 458 2320 infinitas
474 2255 654 2339 angelorum
670 2256 822 2320 editiones
838 2263 870 2319 ct
884 2256 1044 2342 probolas3
1060 2257 1100 2321 ab
1114 2257 1185 2321 istis
1196 2257 1320 2341 angelis
1333 2264 1394 2323 tre·

232 2366 339 2424 centos
355 2362 518 2443 sexaginta
533 2361 669 2443 quinque
688 2357 789 2424 caelos
804 2360 977 2441 institutes,
1000 2358 1204 2424 otmundum
1224 2358 1279 2425 ²in
1297 2360 1393 2427 hono·

231 2483 297 2527 rom
311 2462 465 2544 Abrahae,
485 2464 572 2527 cuius
588 2481 702 2526 nomen
716 2462 799 2526 hunc
814 2463 847 2525 in
868 2482 901 2526 sc
916 2460 1031 2527 habeat
1045 2482 1211 2528 nnmerum
1232 2470 1393 2551 eomputa-

230 2572 306 2629 tnm.
343 2565 380 2627 ln
400 2565 519 2628 ultimis
540 2562 666 2648 quidem
685 2564 819 2647 angelis,
839 2570 871 2629 et
893 2567 946 2649 qui
965 2564 1048 2629 hunc
1067 2565 1211 2629 fecerunt
1230 2566 1393 2647 mundum,

230 2670 435 2733 novissimum
450 2669 538 2752 ponit
552 2666 736 2731 Iudaeorum
751 2667 856 2749 doum,
870 2666 902 2731 id
918 2672 967 2731 est
981 2667 1075 2732 deum
1089 2667 1166 2750 legis
1178 2675 1211 2731 et
1225 2668 1392 2756 prophete·

230 2793 314 2852 rum,
336 2791 428 2854 quem
450 2770 543 2834 doum
563 2776 670 2852 nogat,
690 2768 746 2834 sed
761 2769 905 2853 angelum
921 2770 1010 2850 dicit;
1029 2770 1101 2834 huic
1117 2772 1228 2836 sortito
1244 2771 1393 2857 obtigisse

230 2895 339 2937 semen
353 2872 514 2954 Abrahae,
535 2880 627 2957 atque
647 2872 716 2937 ideo
739 2873 822 2936 huno
838 2872 876 2937 de
892 2878 976 2936 terra
989 2873 1131 2957 Aegypto
1151 2873 1235 2938 illios
1249 2874 1391 2941 Israelin

229 2983 345 3040 terram
357 2976 504 3041 Chanaan
516 2975 728 3052 transtulisse3
744 2973 844 3040 ²hunc
855 2975 1114 3040 turbulentiorem
1124 2996 1199 3060 praa
1211 2979 1328 3042 ceteris
1338 2998 1390 3043 au·

230 3078 316 3161 gelis,
337 3086 429 3162 atque
443 3078 514 3143 ideo
530 3086 561 3142 et
575 3078 746 3142 seditiones
760 3078 939 3161 frequenter
954 3083 986 3140 et
1001 3077 1083 3141 bella
1096 3084 1277 3162 concutere,
1292 3078 1351 3146 sed
1363 3086 1393 3144 et

228 3181 400 3245 humanum
414 3183 597 3263 sanguinem
612 3180 757 3244 fundere:
773 3179 930 3244 Christum
942 3185 1057 3262 autem,
1072 3200 1135 3245 non
1149 3182 1189 3246 ab
1203 3180 1266 3249 hoc
1278 3186 1335 3268 qui
1347 3184 1390 3249 le·

230 3287 307 3348 cerit
321 3283 484 3364 mundum,
499 3282 555 3346 sed
570 3282 608 3345 ab
624 3282 677 3347 illo
689 3283 815 3347 Abraxa
824 3285 967 3365 missum,
982 3285 1106 3348 venisse
1117 3285 1151 3348 in
1161 3283 1391 3369 phantasmate,

229 3387 297 3449 sine
313 3384 488 3449 substantia
503 3387 606 3449 carnis
618 3387 730 3464 suisse3
744 3385 828 3449 hunc
842 3406 970 3470 passum
985 3384 1225 3472 ⁸apudIudaeos
1236 3408 1303 3454 non
1314 3410 1391 3469 esse,

228 3489 284 3554 sed
298 3491 365 3552 vice
380 3490 479 3573 ipsius
495 3487 653 3551 Simonem
668 3490 852 3552 crucifixum
863 3509 947 3566 esse3
962 3488 1046 3554 unde
1061 3508 1118 3555 nec
1129 3492 1164 3555 in
1175 3510 1250 3556 eum
1261 3492 1390 3560 ereden-

229 3593 303 3657 dum
319 3612 387 3656 esse
410 3592 463 3674 qui
483 3593 525 3654 sit
545 3591 725 3671 crucifixus,
745 3610 784 3654 ne
804 3593 874 3675 quis
889 3592 1075 3656 confiteatur
1092 3594 1126 3656 in
1141 3592 1308 3661 Simonem
1326 3616 1390 3663 cre·

228 3696 356 3760 didisse.
392 3695 540 3777 Martyria
554 3699 646 3776 nogat
661 3714 730 3757 esso
745 3694 899 3759 facienda.
922 3694 1032 3759 Carnis
1044 3697 1310 3765 resurrectionem
1322 3720 1390 3785 gra·

226 3801 307 3863 uitor
321 3801 494 3883 impugnat,
509 3818 626 3879 negans
642 3796 775 3861 salutem
790 3797 970 3882 corporibus
985 3800 1250 3883 reprommissam.

119 3918 170 3970 θεν.
184 3919 210 3961 v.
289 3902 378 3967 Alter
392 3901 568 3965 haereticus
583 3899 730 3964 Nicolaus
746 3901 881 3965 emersit.
904 3901 964 3964 Hic
980 3900 1018 3964 de
1034 3907 1155 3987 septem
1169 3900 1326 3989 decenn,
1340 3907 1391 3993 qui

226 4007 260 4069 in
273 4006 363 4070 Actis
377 4003 599 4089 Apostolorum
614 4002 719 4067 allecti
734 4009 818 4085 sunt,
832 4003 902 4068 suit.
936 4003 997 4068 Hic
1012 4002 1089 4068 dicit
1101 4004 1251 4071 tenebras
1265 4008 1302 4073 in
1316 4030 1390 4075 con·

294 4157 330 4210 Ga
351 4200 356 4212 .
369 4157 413 4210 ΙΙΙ.
426 4188 458 4198 -
478 4157 499 4209 l.
512 4155 693 4208 innoscibilem
710 4159 821 4208 correxit
831 4154 878 4207 Fr.
891 4156 988 4210 Iuniae.
1024 4155 1063 4211 C.
1079 4156 1215 4211 Irenaeum
1225 4160 1298 4215 aaa.
1309 4160 1390 4215 Beer.

226 4227 249 4279 1.
262 4226 308 4278 22.
325 4175 469 4279 llteodoret.
481 4225 589 4278 Haeret.
603 4225 696 4276 Fabul.
708 4224 732 4278 Ι.
743 4223 769 4277 3.
804 4222 829 4276 2.
842 4223 886 4275 Ita
898 4228 1010 4276 correxit
1044 4225 1094 4280 ala.
1111 4224 1226 4291 Uram,
1237 4240 1390 4283 canachu-

224 4299 379 4363 qaorecepo't
393 4295 478 4347 Nicol.
496 4295 633 4361 lh'gultins.
672 4293 751 4360 Vulgo
767 4291 910 4345 inferiores.
961 4292 986 4346 3.
1004 4293 1048 4345 lta
1064 4298 1167 4347 correxi
1180 4300 1320 4351 mdo·
1336 4300 1390 4353 Ire·

227 4382 314 4414 aueum
328 4364 394 4415 Ado.
408 4362 490 4414 Haer.
503 4361 574 4415 122.
593 4362 775 4423 „miserantem
787 4361 842 4413 eius
855 4361 965 4430 desuper
976 4362 1112 4427 Virtutem,
1124 4364 1250 4433 queniam
1261 4366 1291 4421 iu
1301 4367 1389 4423 simili·

225 4433 341 4484 tudinem
353 4430 493 4483 eiusfaotus
506 4435 585 4494 esset,
602 4431 720 4482 emisisse
731 4429 872 4482 scintillam
882 4431 963 4494 uitae,
975 4446 1042 4501 quae
1053 4430 1138 4485 crexit
1146 4428 1282 4489 bominem
1293 4444 1321 4489 et
1331 4438 1389 4491 arti·

225 4501 320 4553 culavit
336 4505 361 4551 et
373 4500 458 4551 uivere
469 4499 555 4552 fecit”
590 4499 668 4567 Vulgo
680 4507 750 4551 extat
759 4498 900 4552 scintillam
910 4499 1011 4552 salvam
1021 4515 1087 4554 esse.

294 4567 456 4636 Cap.ll'.—
480 4564 865 4622 l.inhonorcmFr.1nuiua.
898 4567 977 4635 Vulgo
992 4566 1138 4623 inhonore.
1187 4568 1214 4625 θ.
1260 4572 1388 4629 ,Ρειυὼ

226 4636 375 4705 Hieronymi
386 4637 498 4691 indicat,
511 4638 543 4690 da
553 4635 664 4691 Hceraa.
677 4654 736 4707 cup.
748 4633 988 4691 adolamitem.
1037 4634 1236 4695 emundate
1327 4642 1334 4655 ⁶
