3046 5124
243 404 268 450 x
728 382 923 434 bhdsdh'rlo.

242 519 277 585 in
305 521 418 585 eadem
447 520 573 585 haeresi
601 521 752 600 legrmtur
776 518 888 582 eadem
914 516 1072 582 medicina
1097 516 1314 583 succurrerem
1341 536 1407 600 qua

244 635 318 695 ante
340 631 398 694 hos
420 630 571 694 tredecim
586 647 687 695 annos
705 647 766 709 ope
780 628 897 692 codicis
913 646 971 691 ms.
986 627 1123 692 Parisini
1137 628 1317 693 accuratius
1331 644 1407 695 oxu-
1496 637 1500 643 “

178 789 180 793 ψ
243 740 355 805 minati
384 739 605 821 gravissimum
635 739 778 804 eiusdem
808 738 933 818 generis
961 738 1075 802 vulnus
1105 739 1245 803 secrmdo
1272 736 1406 804 Arnobii
1482 784 1493 801 ,,

245 851 399 915 adversus
415 850 570 914 Nationes
592 849 673 914 libro
693 847 846 913 inflictum
862 865 977 912 sanare
993 848 1069 911 mihi
1085 848 1181 913 licuit.
1224 849 1330 914 Unum
1349 849 1406 912 do·

244 960 362 1039 lebam,
392 979 442 1024 me
470 960 614 1041 quamvis
637 960 692 1025 din
718 960 781 1023 iam
810 963 1048 1039 exspectantem
1070 959 1124 1040 qni
1150 959 1268 1024 codicis
1289 957 1405 1023 Veneti

245 1071 420 1150 scripturas
444 1070 664 1150 discrepantes
693 1068 890 1133 exscribendi
918 1087 957 1133 ea
984 1088 1048 1150 qua
1075 1087 1135 1152 par
1161 1074 1249 1134 esset
1270 1087 1346 1133 cura
1367 1086 1405 1133 ac

244 1179 387 1246 sollertia
407 1180 550 1245 laborem
572 1179 749 1260 susciperet
764 1179 867 1244 serius
883 1179 1044 1244 invenisse
1058 1198 1152 1260 qnam
1166 1185 1203 1243 ut
1216 1184 1317 1243 totam
1334 1197 1404 1243 eam

243 1289 371 1355 Panarii
393 1295 517 1370 partem
540 1307 635 1370 quam
657 1289 799 1353 continet
821 1289 862 1353 ad
883 1289 1153 1370 praestantissimi
1174 1289 1247 1353 libri
1269 1290 1404 1354 auctori·
1478 1337 1484 1345 .

242 1405 343 1465 tatem
364 1417 514 1464 revocare
534 1418 672 1482 possem.
723 1400 815 1477 Quod
836 1399 1082 1480 incommodum,
1111 1399 1258 1481 quoniam
1281 1400 1404 1481 gravio-

242 1510 330 1576 ribus
362 1510 447 1573 vitiis
475 1511 596 1575 mederi
625 1510 728 1589 licuit,
763 1509 839 1573 licet
867 1508 988 1573 leviora
1013 1510 1101 1574 haud
1129 1528 1233 1591 pauca
1264 1510 1329 1574 sint
1355 1529 1404 1576 re-

243 1620 344 1702 liqua,
374 1626 481 1685 tamen
509 1620 725 1685 inexcusabile
753 1638 816 1683 non
843 1620 969 1683 videtur
997 1637 1085 1699 esse,
1114 1621 1305 1701 praesertim
1326 1637 1404 1687 curn

242 1730 404 1812 plerisque
430 1732 464 1794 in
492 1731 571 1795 locis
592 1730 707 1796 Veneti
735 1748 754 1794 a
782 1729 921 1810 vulgatis
948 1730 1037 1795 libris
1066 1731 1282 1811 discrepantia
1302 1749 1405 1811 paene

243 1840 332 1905 nulla
353 1841 396 1904 sit
417 1841 479 1905 nisi
501 1841 725 1905 vocabulorum
746 1858 814 1904 rem
844 1840 977 1904 eandem
1004 1840 1250 1922 significantium
1277 1846 1405 1906 senten·

244 1950 422 2031 tiarumque
445 1951 538 2016 aliter
562 1951 769 2015 formatarum
799 1955 855 2013 aut
876 1949 1109 2016 collocatarum.
1152 1953 1300 2017 Ceterum
1322 1952 1406 2016 eius-

143 2102 146 2107 <
245 2062 317 2125 dem
340 2078 413 2125 esse
440 2061 611 2142 prosapiae
634 2060 760 2124 videtur
779 2061 923 2126 Venetus
952 2062 1041 2127 cuius
1070 2068 1121 2126 est
1141 2063 1333 2140 Vaticanus,
1364 2062 1405 2125 de

245 2189 307 2252 quo
335 2171 410 2234 mihi
437 2169 520 2235 intra
547 2171 715 2235 dicendum
742 2170 810 2236 erit.
861 2172 1003 2237 Transeo
1032 2190 1116 2236 nunc
1144 2172 1185 2236 ad
1213 2172 1328 2237 librum
1356 2173 1405 2237 Ie-

149 2310 162 2338 ⁴
243 2299 383 2346 nensem.

214 2432 248 2463 -,
326 2392 359 2456 Is
381 2390 461 2455 liber
479 2391 552 2472 (Ms.
576 2392 650 2456 Bos.
675 2393 703 2456 8.
726 2395 766 2475 1.)
788 2393 873 2457 redit
895 2393 936 2457 ad
959 2411 1075 2457 annum
1097 2392 1275 2473 MCCOlV.‚
1307 2399 1344 2458 ut
1366 2412 1404 2458 ex

223 2501 475 2590 subscriptione
497 2501 626 2566 Panarii
647 2487 761 2583 liquet,
791 2522 925 2585 cumque
946 2504 1042 2568 hodie
1064 2504 1158 2567 modo
1180 2503 1313 2568 dimidia
1335 2505 1403 2568 eius

171 2638 178 2650 ·
225 2597 334 2692 ‘paros
362 2610 499 2692 quaein
527 2611 719 2675 bibliotheca
739 2613 930 2677 Academiae
952 2613 1097 2678 lenensis
1120 2619 1320 2693 asservatur,
1353 2634 1405 2678 su-

243 2725 369 2802 perstes
392 2721 449 2801 slt,
478 2722 597 2786 amissa
619 2722 725 2802 priore
748 2741 830 2803 quae
851 2723 1032 2804 pertinebat
1053 2724 1095 2788 ad
1116 2743 1188 2805 pag.
1210 2742 1312 2806 usque
1332 2725 1405 2788 604.

243 2831 292 2896 ed
309 2828 432 2911 Petam,
463 2836 590 2896 constat
610 2836 734 2894 tantum
756 2831 840 2897 foliis
865 2833 948 2911 loa,
976 2832 1097 2898 formae
1119 2834 1264 2914 maioris,
1295 2852 1406 2915 gossy-

242 2941 340 3022 pinis‚
370 2959 468 3005 mann
497 2947 585 3006 certa
613 2959 672 3005 nec
698 2942 872 3022 ineleganti
902 2949 1068 3023 exaratus,
1100 2946 1158 3009 sed
1186 2943 1226 3008 ob
1249 2944 1407 3009 clausula-

228 3070 312 3115 rum
335 3046 539 3132 compendia‚
569 3053 683 3132 quibus
710 3053 858 3117 librarius
882 3059 1047 3133 estuans,
1080 3054 1131 3118 hic
1151 3053 1216 3117 illic
1236 3054 1322 3118 lectu
1342 3072 1407 3118 non

243 3161 360 3241 facilis,
392 3180 474 3242 quae
497 3180 596 3226 causa
624 3169 693 3226 erat
718 3169 755 3227 ut
782 3163 875 3244 primi
905 3164 1011 3244 operis
1043 3165 1183 3229 editores
1205 3164 1365 3229 interdum
1388 3184 1408 3229 a

242 3290 318 3337 vero
335 3271 559 3337 aberraverint.
588 3273 649 3337 Est
663 3274 747 3337 enim
761 3273 815 3337 ille
831 3273 916 3338 idem
933 3275 1085 3339 Iohannis
1097 3275 1201 3355 Langi
1217 3274 1298 3340 liber
1308 3293 1407 3356 quem

242 3383 455 3449 intercessore
484 3382 564 3447 Phil.
587 3384 809 3448 Melanchtone
840 3403 860 3448 a
887 3403 1078 3465 possessore
1108 3386 1336 3466 impetraverat
1363 3386 1408 3449 lo.

243 3491 418 3573 Oporinos,
446 3493 480 3557 id
507 3494 592 3574 quod
621 3493 716 3558 etiam
743 3495 823 3559 haec
848 3496 945 3559 verba
972 3495 1111 3576 probant
1137 3495 1294 3577 superiori
1315 3494 1409 3576 primi

242 3602 310 3669 folii
331 3603 468 3684 margini
489 3604 657 3684 inscripta:
687 3584 737 3666 Er
760 3604 951 3669 bibliotheca
972 3606 1123 3669 lobannis
1139 3605 1245 3691 Lonpi
1261 3606 1409 3689 Erplucr·

243 3714 330 3778 doni.
350 3712 505 3777 ’Panarii
527 3732 603 3795 pars
626 3732 721 3795 quam
744 3714 884 3779 continet
908 3717 969 3780 120
986 3716 1063 3781 folia
1085 3717 1237 3797 complet3
1268 3716 1343 3781 inde
1359 3735 1410 3782 se·

244 3828 385 3906 quuntur
412 3824 592 3888 Ancoratus
624 3823 689 3905 (fol.
724 3825 906 3891 121—le
933 3829 989 3909 u),
1021 3826 1313 3907 anacephalaeosis
1343 3826 1409 3908 (fol.

231 3935 304 3999 Ι152
321 3955 349 3999 v.
363 3973 405 3982 -
420 3935 478 4000 161
495 3936 544 4017 a),
562 3934 602 3998 de
611 3933 809 4000 Ponderibus
824 3941 857 3999 et
870 3936 1031 4002 Mensuris
1047 3936 1186 4018 (101161
1203 3958 1280 4002 u—
1291 3938 1351 4002 168
1360 3940 1409 4020 a).

242 4045 280 4108 In
301 4044 364 4108 fine
385 4045 497 4110 addita
518 4049 594 4108 sunt
622 4049 772 4125 excerpta
793 4047 951 4127 quaedam
979 4066 1018 4111 ex
1040 4048 1169 4112 loannis
1192 4049 1411 4131 Ohrpsostomi

242 4152 383 4218 Homilia
401 4155 441 4219 de
452 4154 769 4237 Incomprehensibili
784 4155 845 4220 Dei
859 4157 984 4220 Natura
999 4159 1077 4238 (Τοῦ
1092 4152 1179 4239 ἆγίοο
1196 4157 1308 4243 πατρὸς
1325 4156 1412 4240 ἡμῶν

241 4256 381 4324 Ἰωάννου
396 4269 451 4327 τοῦ
490 4249 541 4352 ἱ.
559 4267 592 4329 ἐκ
608 4270 662 4327 τοῦ
684 4266 751 4346 περὶ
768 4260 975 4345 ἀκαταλήπτων
997 4273 1021 4329 ἒ.
1046 4258 1124 4349 οὔῆ
1150 4265 1241 4351 cippi,
1270 4265 1410 4332 Ἐπειδοὶν

244 4372 331 4458 μέλλῃ
348 4395 392 4445 τις
401 4372 589 4458 ιμακροτέρας
606 4371 780 4449 ὑποθέσεως
794 4375 846 4437 καὶ
859 4381 977 4438 πολλῶν
993 4378 1133 4458 δεομένης
1153 4376 1249 4460 λόγων
1269 4384 1296 4460 :l
1310 4382 1411 4462 Incip.

248 4484 299 4555 Τλς
317 4482 393 4564 ἔγνω
418 4488 491 4544 νοῦν
514 4470 637 4567 κυρίους
668 4493 745 4562 κτλ,
773 4487 825 4553 fin.
848 4486 900 4548 καὶ
918 4481 936 4548 o‘
950 4483 1036 4569 λόγος
1055 4489 1085 4552 ἐν
1106 4492 1148 4575 τῷ
1173 4492 1215 4574 νῷ
1233 4496 1411 4572 demotites,

245 4611 315 4661 cum
336 4594 397 4660 hac
419 4593 667 4680 subscriptione,
694 4597 781 4673 Τέλος
794 4593 885 4683 λόγον
901 4603 955 4660 τοῦ
977 4594 1064 4681 clyton
1077 4597 1260 4679 Ἐπιφανλου
1275 4605 1329 4666 τοῦ
1349 4601 1412 4666 ἔπν-
