3046 5124
1224 354 1284 420 379

123 509 351 590 ssetrsctmtm.
367 508 466 564 xxm.
500 509 610 564 slsum
626 510 752 569 hicuinus
762 514 916 592 praeceptor
931 508 1019 563 Kmoli
1119 507 1176 561 'ds
1192 507 1286 561 divinis

124 576 274 659 afficimini
288 577 361 660 I994.
373 585 399 632 et
410 579 455 632 lol.
467 577 542 659 2015.
576 578 690 666 'I'hpmss
701 580 817 648 Aquinas
827 595 895 664 gum.
907 577 931 630 3.
944 581 1043 697 (purast.
1054 576 1075 629 L
1159 619 1165 630 .
1177 577 1285 629 nruculo

123 644 167 698 lv.
193 645 337 715 Dronyssus
352 647 509 717 Areopagites
527 647 580 716 περὶ
597 665 639 714 της
656 645 854 712 insinuantium
866 645 990 716 ἱεραρχας
1007 663 1035 725 ἢ
1047 644 1103 699 113.
1115 643 1173 697 sut.
1191 652 1217 697 et
1230 645 1285 698 141.

124 712 452 800 ”iffi‘mtwfflwt
465 711 1007 852 bittit.munitissimi?
1023 709 1287 867 {inhietis

542 816 550 834 ⁵
1004 821 1010 850 i

123 779 248 902 Ispappiac
261 783 349 853 tropos
367 780 447 852 ἐφίησι
464 782 506 852 μὲν

124 866 174 902 xus
195 867 245 920 ρων
290 855 359 935 apim
371 849 540 921 ἀναγνώσεως,
559 849 590 912 εἰς
603 850 630 904 it
641 849 683 912 riu
695 849 748 917 ἑξῆς
761 850 826 920 ἱερου
860 851 896 910 Iac
914 849 954 901 nni
967 849 1068 919 Θεωρίας
1084 868 1112 900 ου
1130 847 1288 918 superstitisi

124 918 240 987 enisam,
257 869 323 971 <Iius
334 917 390 982 τοὺς
407 919 512 981 τελείους
528 927 578 972 τῶν
596 918 771 989 τελισιουργῶν
787 914 819 988 tp
870 917 937 988 μοὺς.
966 918 1162 971 Catselumenos
1181 925 1207 968 et
1217 936 1287 970 ener-

108 1024 113 1032 ·
123 1004 254 1056 ganeum,
271 993 360 1058 quique
370 994 398 1041 in
406 993 566 1057 paenitentia
578 999 646 1052 suist,
664 998 771 1041 sanctae
782 987 950 1040 hierarchiae
960 990 1122 1056 mospatitur
1133 987 1231 1055 quidem
1243 1004 1287 1039 au·

126 1057 184 1109 dire
195 1073 300 1109 sacram
307 1058 464 1126 psalmorum
473 1059 672 1120 modulationem,
685 1058 845 1125 divinamque
852 1073 989 1108 sacrarum
996 1058 1185 1127 seripturarum
1194 1059 1287 1107 recita·

126 1129 229 1178 tiamne:
242 1127 279 1177 ad
288 1143 369 1177 saera
382 1134 463 1177 autem
473 1145 561 1195 opera,
573 1145 637 1196 puae
647 1128 764 1194 deinceps
773 1135 914 1192 sequuntur,
927 1135 1001 1194 atque
1009 1127 1129 1191 mysteria
1137 1125 1287 1192 spectanda,

125 1210 175 1247 nus
186 1210 228 1246 eos
239 1202 370 1256 conuocat,
379 1196 425 1245 sed
432 1198 560 1263 perfectos
571 1196 655 1246 oculas
667 1212 757 1255 eorum,
770 1198 813 1262 qui
822 1194 895 1260 utqui·
902 1202 966 1247 sunt.
985 1191 1134 1245 Notandum
1144 1196 1230 1244 autem
1239 1189 1288 1244 hcc

124 1260 183 1315 loco
214 1261 267 1313 uod
277 1261 341 1314 olim
353 1262 440 1330 pueris
452 1279 541 1314 reeens
558 1263 693 1332 baptizetis
705 1262 766 1314 dats
777 1259 941 1313 eucharistia
969 1259 1093 1313 Paulinus
1111 1277 1125 1313 e
1143 1260 1224 1330 iscop.
1237 1259 1288 1312 No·

125 1329 167 1383 Ise
177 1277 213 1382 a]
223 1328 349 1383 Severum
361 1331 436 1399 epist.
446 1330 505 1383 XII.
518 1330 605 1399 CyriII.
616 1331 788 1398 Hierosolym.
800 1327 927 1383 cateches.
937 1328 961 1381 3.
971 1328 1106 1381 illuminat.
1142 1330 1147 1340 '
1164 1327 1286 1396 rosolym.

125 1396 171 1451 ros
181 1395 222 1450 23.
237 1396 256 1449 C
276 1398 382 1467 prisnus
392 1398 422 1450 de
435 1399 513 1468 lapsis
523 1399 568 1450 iol.
575 1398 632 1452 99⁸2.
650 1398 813 1467 Augustinus
822 1397 924 1449 tornx.
934 1396 1082 1450 serm.VIII.
1092 1396 1123 1448 de
1132 1397 1217 1448 verbis
1227 1412 1288 1465 apo·

126 1465 190 1519 stoli
199 1465 244 1521 Iol.
257 1415 312 1519 Ier.
325 1466 358 1518 sd
369 1465 488 1521 Bonitsc.
502 1484 515 1519 e
534 1468 576 1521 ist.
587 1467 685 1521 XXIII.
698 1466 731 1519 sd
743 1467 857 1518 vitalem
868 1466 943 1533 epist.
953 1463 1016 1517 GVI.
1046 1464 1142 1518 Contra
1159 1464 1223 1517 dass
1236 1465 1288 1533 epi·

127 1534 209 1587 stolss
221 1533 283 1587 PeIs
304 1534 354 1586 'sn
365 1535 410 1587 lib.
420 1534 439 1587 I.
452 1552 507 1604 esp.
572 1535 602 1588 II.
620 1536 666 1589 lib.
677 1534 719 1589 IV.
738 1550 794 1603 esp.
805 1534 847 1588 IV.
865 1533 1076 1602 deportaturum
1093 1533 1191 1585 meritis
1208 1549 1238 1585 ae
1250 1550 1289 1585 re·

126 1600 252 1655 missione
264 1548 335 1656 nib.
345 1603 468 1672 cap.XX.
487 1604 568 1656 Autor
577 1603 734 1672 hypognost.
744 1602 812 1671 opud
822 1603 960 1670 Augustis.
970 1599 1094 1656 tom.VII.
1107 1601 1140 1653 sd
1152 1601 1287 1655 aucum.

126 1669 172 1724 tol.
182 1669 240 1723 956.
262 1670 388 1731 Quomodo
399 1676 477 1723 uitam
490 1676 563 1739 regni
575 1674 701 1723 caelorum
710 1674 858 1740 promittitis
866 1671 986 1738 paruulis
1003 1688 1052 1721 non
1068 1674 1167 1722 renatis
1178 1688 1209 1721 ss·
1221 1689 1289 1741 aqua

126 1749 153 1792 et
161 1742 264 1808 spiritu,
276 1757 325 1791 non
337 1741 431 1792 cibatis
443 1759 521 1792 cartre
533 1739 714 1808 (bellarminus
726 1739 793 1792 falso
803 1755 883 1791 unam
894 1739 1007 1807 speeiem
1019 1738 1111 1790 saltem
1128 1737 1216 1791 datam
1227 1754 1289 1807 pue·

126 1806 163 1870 ris
174 1807 265 1859 scribit
276 1807 308 1859 de
321 1806 476 1860 eucharistia
487 1809 531 1860 lib.
541 1808 584 1862 IV.
598 1824 654 1878 cap.
664 1807 774 1874 XXIV.)
787 1816 860 1875 atque
877 1826 924 1859 non
938 1811 1034 1875 potatis
1049 1811 1173 1874 sanquine
1186 1806 1289 1868 Christi,

128 1878 253 1947 gretserus
262 1887 299 1957 est
306 1880 334 1926 in
342 1881 510 1928 remissionem
518 1887 690 1945 peecatorum.
704 1875 772 1927 Ecce
781 1893 828 1926 non
839 1876 988 1958 baptisatus,
1001 1875 1077 1956 citati
1085 1879 1160 1927 etium
1170 1874 1289 1993 malm?

127 1945 1290 2080 titi.ltztt.⁸slzttt“'suit.tt‘ttlrll'0lthtllltlt‘lttiits

128 2080 200 2133 enim
211 2080 268 2132 elus
280 2080 325 2132 Iib.
335 2079 354 2132 I.
367 2097 422 2150 cap.
434 2080 474 2133 CL
517 2123 522 2133 .
535 2029 806 2149 constitutioiegItur,
819 2090 847 2132 ut
853 2080 988 2149 presbyter
998 2096 1095 2148 semper
1107 2078 1290 2131 eucharistiam

128 2146 224 2201 taceas
231 2159 364 2217 paratam,
377 2161 403 2200 ut
415 2152 515 2218 quando
527 2155 582 2218 puis
593 2152 766 2218 iufirmueerit,
782 2157 829 2200 aut
834 2150 961 2217 pamulae
971 2149 1085 2209 infirmus
1090 2150 1186 2214 suerit,
1204 2152 1290 2200 statim

127 2233 183 2275 eum
195 2220 364 2278 comminuisse,
377 2235 408 2268 ne
419 2223 473 2269 sine
486 2219 653 2270 commnnione
664 2222 796 2271 moriatur.
814 2215 847 2269 Et
858 2217 914 2268 eius
926 2215 1194 2286 praeceptorhlbiuus
1205 2215 1290 2268 Alcui-

127 2301 179 2338 uus
191 2284 223 2337 de
235 2283 329 2337 divinis
342 2284 436 2337 officiis
447 2285 492 2338 Iol.
509 2286 579 2338 1971.
597 2286 809 2338 Praecavendum
821 2293 858 2336 est
868 2285 972 2353 (iuquit)
985 2294 1011 2336 ut
1022 2288 1134 2352 infantes
1145 2300 1233 2335 recens
1246 2284 1289 2335 lra-

126 2356 227 2424 pts'rats‘,
241 2355 333 2404 nullum
346 2354 427 2405 cibum
440 2358 585 2423 accipiunt,
604 2372 682 2422 neque
699 2356 836 2414 lactentur,
855 2363 988 2420 antequam
1004 2356 1191 2404 communicent.
1219 2350 1289 2404 Idem

128 2421 259 2474 sancitum
271 2422 297 2473 in
311 2420 405 2473 Ordine
417 2422 547 2486 Romano,
565 2439 643 2491 quem
655 2420 779 2474 Melchior
790 2421 933 2490 Hittorpius
950 2421 1082 2489 vulgavit;
1098 2426 1125 2473 et
1140 2420 1290 2473 observatur

127 2490 208 2543 etism
219 2505 289 2542 nunc
300 2505 317 2541 a
328 2489 451 2542 Bohemis
463 2498 489 2542 et
500 2492 628 2553 Moravis,
646 2497 675 2542 ut
691 2496 766 2542 notat
781 2488 927 2542 loachimus
940 2488 1072 2541 Vedianas
1085 2488 1116 2541 de
1128 2496 1289 2541 sacramento

127 2556 301 2611 eucharistiae
311 2558 356 2610 lib.
365 2559 385 2611 1.
397 2559 441 2611 fol.
454 2559 493 2612 lt.
506 2560 550 2612 lib.
560 2559 584 2610 2.
596 2560 640 2611 loI.
650 2559 691 2610 40.
709 2557 818 2610 Iacobus
830 2557 959 2610 Pamelius
977 2558 1004 2608 in
1016 2556 1129 2610 adnotat.
1147 2557 1179 2610 ad
1191 2557 1290 2610 Tertul-

127 2626 191 2679 Iieu.
208 2626 239 2678 de
256 2627 289 2679 bs
308 2628 386 2679 tisum
401 2627 514 2680 fotum.
531 2633 606 2696 putat
622 2626 690 2679 hunc
707 2643 806 2679 morem
823 2633 879 2679 tum
898 2625 1041 2688 sublatum,
1060 2625 1163 2694 quando
1181 2627 1292 2678 cessarit

128 2692 276 2748 adultorum
290 2644 450 2764 baptismus,
471 2702 498 2747 et
512 2704 583 2747 certa
599 2696 642 2747 illa
660 2695 806 2764 baptizandi
823 2702 941 2764 tempora
957 2695 1068 2762 amplius
1086 2695 1223 2747 observata
1238 2711 1290 2747 non

127 2768 203 2826 sunt,
222 2764 255 2815 ob
271 2765 416 2833 periculum
432 2765 621 2817 irreverentiae.
652 2763 716 2816 Utut
733 2764 779 2827 sit,
797 2779 857 2816 cum
873 2762 1016 2815 secundum
1029 2763 1157 2815 monitum
1176 2762 1204 2816 S.
1216 2761 1290 2814 Pauli

126 2830 266 2885 ICoriuth.
283 2848 339 2901 esp.
349 2832 395 2884 XI.
414 2833 446 2884 ad
463 2831 512 2884 hoc
528 2833 681 2900 mysterium
698 2833 845 2900 requiratur
855 2837 896 2883 snei
903 2831 1036 2899 probatio,
1053 2837 1079 2882 et
1095 2835 1182 2883 mortis
1197 2833 1291 2883 domini

128 2905 302 2962 annunciatio,
315 2917 368 2952 non
379 2900 454 2952 video
468 2901 597 2970 quomodo
608 2901 737 2953 institutio
755 2899 831 2952 huius
844 2900 999 2951 sacramenti
1010 2899 1138 2967 pertineat
1153 2898 1185 2950 ad
1197 2914 1291 2968 perru-

124 2969 176 3033 los,
188 2969 234 3037 qui
245 2967 338 3021 horum
349 2967 414 3021 nihil
425 2976 556 3037 praestare
587 2976 687 3033 essunt,
697 2969 796 3020 ratione
806 2969 902 3037 quippo
915 2966 1036 3019 destituti.
1054 2967 1134 3019 Recte
1143 2968 1223 3037 Igitur
1232 2984 1290 3019 cen-

127 3042 168 3089 set
179 3035 307 3089 Iohannes
326 3037 357 3088 de
375 3036 474 3089 Gerson
492 2986 596 3091 cancoII.
609 3038 776 3099 Parmensis,
793 3044 855 3088 tunc
872 3036 959 3105 pueris
976 3034 1160 3088 eucharistiam
1178 3035 1290 3089 dandam

127 3121 186 3158 cum
199 3105 232 3157 ad
242 3105 386 3174 perfectum
398 3122 476 3158 usum
485 3106 601 3170 rationis,
614 3122 642 3157 ac
656 3106 817 3158 discretionis
829 3121 911 3156 annos
922 3105 1095 3184 pervenerint.
1121 3105 1166 3158 Sic
1177 3105 1246 3157 enim
1259 3104 1290 3157 de

126 3174 304 3227 communion.
310 3175 397 3227 Iaieor.
405 3175 454 3226 sub
464 3181 572 3242 utraque
582 3175 667 3243 speeie
676 3180 742 3243 part.
751 3173 770 3226 I.
781 3173 827 3226 fol.
839 3172 876 3226 II.
887 3178 912 3225 et
920 3189 948 3224 rn
957 3173 1055 3241 regulis
1064 3174 1182 3226 morinb.
1194 3179 1259 3244 part.
1266 3174 1290 3226 2.

125 3241 171 3297 Iol.
182 3241 224 3295 75.
236 3242 336 3295 scribit:
351 3243 397 3294 lm·
404 3247 483 3311 pueri
493 3253 552 3294 srrrrt
563 3246 647 3295 idonei
657 3247 786 3312 suscipere
798 3242 992 3304 eucharistiam,
1011 3252 1036 3294 et
1051 3244 1087 3294 ad
1098 3242 1145 3295 lsoc
1158 3244 1239 3310 lipari
1254 3247 1291 3294 ei-

127 3312 219 3364 dentur
229 3312 305 3361 eernel
315 3316 342 3362 in
355 3330 428 3372 nnrro,
441 3316 484 3380 qni
494 3313 629 3362 securrdum
641 3313 708 3377 lepos
720 3321 851 3362 cernentur
863 3309 961 3362 habiles
974 3311 1010 3361 ad
1021 3311 1167 3363 nubendum.

175 3378 239 3431 Illos
251 3385 339 3431 autem
369 3381 396 3431 ui
408 3396 460 3432 non
473 3381 500 3431 in
512 3386 602 3431 sancta
613 3380 735 3431 trinitatis
746 3377 920 3448 minoratione]
951 3377 1080 3442 Quoniam
1097 3380 1184 3431 nullus
1197 3385 1237 3431 est
1247 3380 1291 3431 hs-

124 3447 246 3569 ptismus,
259 3448 282 3499 si
294 3448 320 3499 in
332 3396 384 3499 fiis
396 3447 423 3499 S.
433 3447 565 3500 Trinitatis
582 3465 635 3500 non
647 3448 729 3500 detur.
757 3448 932 3515 Hieronymus
944 3448 971 3500 in
982 3446 1079 3499 Ioelem
1092 3464 1147 3516 cap.
1157 3446 1181 3501 2.
1194 3446 1291 3501 t01.86.

149 3516 254 3585 idymus
271 3515 302 3567 de
319 3515 366 3569 SS.
378 3517 422 3569 lib.
432 3515 456 3570 ί).
472 3517 519 3570 fol.
533 3516 591 3570 um.
615 3516 726 3583 CyriIIus
743 3516 915 3583 Ilierosolym.
932 3517 960 3567 iu
973 3515 990 3567 I.
1005 3514 1136 3568 Cataches.
1153 3516 1290 3569 illuminat.

124 3583 470 3652 HierosolymFirmilianus
478 3583 625 3637 Gaesaan
662 3585 766 3637 adocias
778 3586 891 3655 episcop.
899 3585 967 3654 apud
975 3583 1011 3651 Cy
1031 3583 1291 3652 risu.epist.LXXV.

124 3651 305 3706 Damasconus
318 3651 348 3703 de
361 3653 411 3704 fide
425 3652 560 3707 orthodox.
575 3601 672 3707 linit.
693 3669 748 3723 cap.
757 3654 793 3708 X.
824 3653 976 3722 Fulgentius
995 3601 1029 3703 ai
1043 3652 1176 3705 Donatum
1191 3651 1223 3704 de
1239 3651 1291 3704 fide

126 3720 273 3775 orthodoxa
283 3721 328 3773 fol.
341 3721 381 3774 tt.
399 3722 547 3788 sllpsters'um
559 3725 739 3790 redemptionis
750 3722 877 3774 hunuanus
890 3723 959 3772 rsutla
968 3723 1217 3789 rationeperficitur,
1229 3725 1253 3773 si
1264 3725 1292 3772 in

125 3790 250 3860 baptismo
262 3791 368 3858 relfilsi,
384 3791 423 3841 uel
433 3794 542 3858 spiritus
553 3795 638 3842 sarneii
651 3791 796 3843 uocabulum
808 3789 975 3842 subtrabitur.

174 3858 306 3924 Pauliani]
323 3857 466 3911 Concilium
477 3858 620 3912 Nicaeuum
633 3875 690 3927 esp.
704 3858 777 3912 XIX.
799 3859 838 3909 De
850 3858 1093 3909 Paulim'amotisad
1101 3859 1235 3909 ecetesiam
1247 3876 1292 3909 ca-

126 3926 246 3980 usticam
258 3927 469 3994 conficientibus,
487 3930 598 3995 delinitio
619 3929 774 3989 malamort,
792 3937 819 3978 ut
831 3927 988 3994 baptizentur
999 3927 1153 3979 omnimodis.
1172 3925 1291 3995 Epitome

125 3995 154 4050 S.
167 3995 304 4049 Genauam
315 3995 360 4049 fol.
373 3994 415 4049 47.
436 3992 533 4050 Concil.
547 3995 595 4048 Car
626 3997 751 4064 eginense
765 3996 806 4048 I'I.
824 4011 880 4063 cap.
890 3993 964 4046 XIX.
989 3993 1085 4046 Concil.
1104 3994 1246 4047 Arelatens.
1259 3994 1290 4048 II.

124 4079 156 4117 cs
176 4063 264 4118 ‚xvh
284 4063 403 4116 Gelasius
419 4063 450 4114 de
468 4064 531 4116 actis
544 4064 635 4117 concil.
654 4063 745 4116 Niceni
756 4081 781 4132 p.
797 4063 852 4115 lca.
870 4063 912 4114 Ius
926 4061 1185 4115 Graeco-Romanum
1197 4069 1260 4115 tom.
1272 4063 1291 4117 I.

123 4081 173 4187 toi
183 4130 241 4186 378.
272 4131 318 4184 Isti
331 4139 417 4184 autem
430 4148 445 4183 a
456 4131 537 4183 Paulo
550 4132 723 4184 Ssmosateno
736 4130 859 4211 appellati
870 4138 944 4195 sunt,
962 4130 1006 4199 qui
1019 4128 1148 4182 Christum
1162 4132 1239 4183 deum
1251 4132 1293 4184 dei

123 4199 208 4255 filium
219 4200 420 4264 substantivum,
434 4207 458 4251 et
470 4202 641 4268 personalem,
655 4207 680 4253 et
692 4207 892 4268 sempiternum,
904 4216 957 4250 non
969 4215 1071 4268 semper
1082 4200 1164 4252 luisse
1176 4217 1236 4252 cum
1246 4217 1292 4269 pa·

123 4274 162 4322 tre
174 4269 243 4334 dicit,
256 4268 301 4321 sed
314 4270 369 4322 eius
382 4270 483 4332 initum,
496 4285 530 4319 ex
543 4286 593 4338 quo
606 4268 637 4321 de
648 4269 731 4322 Maria
743 4274 820 4319 natus
834 4275 880 4331 est,
893 4273 1036 4330 asseveret,
1048 4285 1096 4319 nec
1108 4285 1168 4320 eum
1181 4269 1291 4337 amplius

124 4337 223 4408 sliquid
235 4354 319 4458 puam
335 4338 467 4390 homiuem
482 4342 565 4406 putat.
578 4338 717 4406 Augustis.
735 4337 767 4388 de
779 4335 877 4389 haeres.
890 4353 946 4405 cap.
955 4336 1046 4390 XLIV.
1070 4336 1247 4389 Damascenus
1260 4337 1291 4389 de

124 4404 224 4461 haeres.
247 4407 280 4459 ol.
293 4405 352 4458 580.
363 4405 514 4459 Philostrius
527 4404 625 4459 haeres.
634 4406 726 4459 LXIV.

173 4474 312 4597 Pfflfffini]
331 4475 479 4528 Docuerunt
496 4474 628 4528 Christum
644 4492 698 4527 non
715 4475 740 4527 in
759 4490 835 4526 earne
847 4473 957 4528 venisse.
977 4473 1139 4543 Augustinus
1151 4474 1182 4526 de
1195 4473 1291 4527 haeres.

124 4560 180 4599 (ὃ.
239 4586 246 4599 .

154 4562 338 4680 chrboritse]
356 4611 385 4665 Id
397 4618 445 4679 est,
457 4613 576 4678 coenosi,
589 4618 693 4683 propter
705 4612 891 4683 turpitudinem
904 4628 983 4682 quam
996 4611 1120 4666 exhibent
1131 4612 1158 4665 In
1170 4613 1224 4665 suis
1235 4629 1292 4683 my·
