3046 5124
1225 364 1286 430 361

126 535 184 591 αφ.
196 518 264 574 VIII.
284 518 486 588 chasanum
498 519 530 573 de
542 523 623 572 incom
642 520 792 572 relteraibili
803 522 846 571 dei
855 528 950 572 natura
961 524 1024 573 tom.
1033 518 1064 571 V.
1076 516 1188 571 101988.
1205 517 1288 570 Theo·

126 588 384 642 domtusdirinornm
393 589 486 641 deeret.
494 589 604 659 epitome
625 588 722 642 ol.393.
741 589 903 656 Augustinus
913 587 944 639 de
953 587 1003 639 tide
1013 592 1038 639 et
1047 586 1166 653 symbolo
1175 585 1287 639 tomlII.

125 656 172 710 Iol.
186 655 243 709 166.
260 656 292 709 de
308 657 436 727 'Iempore
452 674 565 711 sermon.
577 657 725 711 XXXVIII.
754 655 963 726 Theophylsetus
981 655 1009 707 in
1024 653 1187 708 Matthaeum
1198 670 1256 723 cap.
1267 654 1286 707 1.

125 724 256 777 Damasus
268 723 316 779 PP.
329 742 344 777 e
363 726 441 778 istola
452 726 484 777 sd
495 725 634 778 Paulinum
645 724 797 778 Antiochen.
810 731 872 778 tom.
884 724 904 776 I.
922 723 1012 776 concil.
1029 722 1075 776 tol.
1087 720 1145 775 381.
1173 723 1286 776 Hilarius

126 792 160 847 de
170 792 200 848 S.
212 742 394 846 Trlnitatebib.
406 793 450 848 Ill.
463 800 489 847 et
499 793 543 847 IV.
563 792 704 862 Gregorius
713 793 835 846 Baeticus
847 793 878 844 de
889 790 987 845 fideli
1034 791 1210 843 entiusinres
1246 808 1286 844 ns.

126 859 1003 931 cerussatamtonsoudrrasimundummgomnb.111.r01.
1033 859 1058 913 4.
1077 858 1202 913 Rabanm
1258 875 1287 913 u·

127 941 173 985 rus
183 929 216 984 de
228 946 340 983 sermon.
352 931 501 1000 proprietat.
514 931 558 984 lib.
571 930 613 984 IV.
626 946 683 1000 cap.
696 931 731 986 X.

177 1022 237 1079 Non
248 1024 363 1077 contusis
376 1025 486 1091 naturis]
502 1024 655 1094 Fulgentius
668 1024 699 1077 ad
712 1023 911 1077 Trasimundnm
922 1022 1022 1093 Regem
1033 1021 1077 1074 lib.
1090 1020 1133 1074 111.
1144 1020 1241 1076 10158.
1255 1023 1288 1073 ln

125 1110 176 1145 urso
185 1094 315 1162 eodemque
325 1093 425 1145 Christo
433 1112 496 1146 aera
506 1095 656 1156 diuinitatis,
669 1111 778 1162 emaque
787 1093 952 1144 humanitatis
962 1099 1057 1144 namra
1065 1094 1218 1160 permansit,
1230 1092 1288 1142 dum

127 1162 189 1214 deus
201 1179 248 1213 uon
262 1164 379 1229 conflisus
391 1161 492 1226 bomini,
504 1164 550 1213 sed
560 1166 652 1226 unitus,
661 1165 699 1213 sic
711 1165 737 1212 in
747 1180 798 1213 uria
829 1179 920 1212 aeona
931 1163 1060 1229 utriusque
1069 1168 1287 1228 riaturaeperma·

127 1232 210 1281 neunt
220 1231 320 1281 indicia
333 1230 526 1293 demonstrauit,
538 1239 566 1280 ut
576 1247 650 1281 cerus
662 1231 733 1292 deus,
751 1238 802 1298 etp
813 1246 872 1279 cuae
884 1232 952 1280 cerie
964 1230 1103 1298 diuinisque
1115 1228 1250 1279 uirtutibus
1261 1231 1288 1278 in

127 1296 226 1351 bomine
237 1299 350 1349 clareret
360 1307 499 1367 assumpto,
513 1307 537 1349 et
548 1301 646 1349 veritas
654 1299 811 1367 irifirmltatis
823 1296 949 1349 bumanae
958 1314 1042 1348 uerum
1050 1297 1199 1366 plenumque
1210 1295 1287 1347 bomi-

126 1384 181 1418 nem
193 1375 345 1418 monstraret
356 1370 383 1417 iu
395 1368 448 1421 deo.
460 1396 493 1405 -
506 1366 572 1417 Dum
585 1370 665 1418 nostri
675 1368 758 1418 redem
778 1369 853 1417 tionis
868 1368 1040 1417 commercium
1055 1373 1199 1431 queretur,
1210 1366 1287 1433 pleno

126 1452 233 1504 σσσοφιισ
245 1433 347 1497 bomirn',
355 1434 457 1504 plenum
469 1453 600 1502 uerumque
612 1437 683 1487 ileum
697 1385 802 1486 decebat
812 1437 889 1501 uniri,
902 1437 940 1484 sic
952 1442 1035 1484 tamen
1047 1436 1111 1483 utin
1122 1435 1286 1501 unitateper·

126 1519 217 1566 aouac,
234 1520 279 1554 uec
291 1505 317 1553 iu
330 1502 427 1554 laomiue
444 1505 518 1565 deus,
535 1521 580 1553 uec
593 1503 663 1554 bomo
693 1511 757 1554 osset
767 1505 793 1553 in
806 1504 851 1554 deo
864 1503 991 1570 confundi.
1008 1499 1136 1553 Iohannes
1148 1499 1287 1552 Damasce-

126 1571 216 1623 ausin
228 1571 344 1622 oratione
357 1576 447 1623 conus
459 1569 603 1639 Acephalos
615 1570 660 1623 iol.
671 1521 730 1622 bl3.
748 1570 849 1640 Γέγονεν
862 1567 888 1620 ἐκ
900 1568 992 1629 τελείας
1005 1569 1044 1619 bet
1076 1585 1130 1636 τος,
1143 1567 1184 1619 nai
1196 1566 1287 1627 τελείας

77 1653 80 1657 ’
127 1636 329 1707 ἂνθρωπότητος,
347 1631 379 1698 εἷς
390 1638 501 1708 Χριστος,
514 1632 545 1698 εἶς
558 1637 622 1707 uice,
640 1636 652 1690 b
667 1637 739 1698 αὐτὸς
752 1638 807 1689 θεοῦ
820 1655 844 1689 τε
861 1637 902 1688 καλ
914 1635 1042 1706 ἀνθρώπου
1059 1654 1090 1696 ες
1107 1636 1200 1706 κύριος,
1214 1632 1227 1687 ὃ
1245 1635 1287 1686 αύ-

126 1704 401 1766 augustudinensi
425 1702 551 1766 ἄνθρωπος
570 1706 667 1766 τέλειος.
697 1703 778 1766 Ὅλος
795 1705 847 1766 θεος
865 1705 905 1756 καλ
923 1704 980 1765 ὅλος
999 1702 1125 1774 ἄνθρωπος
1141 1703 1187 1755 buu
1225 1704 1287 1764 ύτως

132 1772 267 1827 moesiam
278 1777 327 1825 τῶν
340 1775 444 1843 φύσεων,
457 1756 576 1840 ἀλλήλαις
588 1772 773 1844 κα1ύιτρέπτως,
786 1771 985 1844 κα1ἆδιαιρέτως,
1004 1772 1165 1843 'teostitae
1178 1791 1196 1843 μ
1208 1790 1229 1840 ν,
1243 1791 1286 1842 φυ-

125 1839 209 1894 λάττει
226 1841 273 1912 γὰρ
292 1839 380 1908 labem
400 1844 468 1912 φύσις
485 1846 526 1910 τῆς
543 1842 628 1909 ἑαυτῆς
647 1841 778 1911 διαφορὰν,
796 1841 824 1893 τ“ο
843 1839 955 1895 ἄκτισιον
972 1840 988 1907 ἦ
1006 1842 1102 1926 θεότφς,
1121 1840 1149 1891 το
1163 1837 1286 1907 arietini

127 1907 294 1995 &ripunbrrffi
312 1911 340 1962 το
354 1907 456 1976 ἀπαθὲς,
473 1909 489 1997 ᾗ
503 1911 599 1977 bebrua,
618 1910 646 1961 io
660 1909 768 1976 παθητόν
785 1908 800 1977 ἡ
818 1909 860 1962 ἀνθ
878 1905 1287 1996 ωπόιης,κα1τατοιαῦτα.ἂτρε’-

127 1996 195 2039 πτως
207 1977 246 2047 δὲ,
260 1996 296 2030 οτι
309 1979 438 2049 μεμένηκεν
451 1977 539 2045 inacta
557 1980 626 2049 φύσις
639 1975 818 2038 ἀναλλοιώιως.
841 1997 869 2029 συ
882 1981 1001 2048 τραπέισα
1012 1975 1043 2037 ε1ς
1060 1975 1103 2043 τὴν
1115 1975 1211 2058 ἑτέραν,
1230 1976 1287 2029 ουδὲ

148 2046 172 2099 1α
184 2046 297 2107 σύνθετος
308 2048 483 2131 χρηφατύσασα
496 2049 578 2115 φύσις,
592 2045 656 2098 ἀλλὰ
668 2047 712 2098 δύο
725 2045 879 2117 ὑπάρχουσαι
895 2046 935 2096 καλ
947 2045 1133 2106 διαιωνίζουσαι.
1146 2045 1286 2115 αδισιρέτως

128 2066 162 2180 bi,
180 2113 218 2167 ὅτι
233 2114 339 2181 ἥνωνται
356 2115 474 2181 αλλήλαις
493 2117 546 2168 καθ’
564 2115 709 2183 ὑπόστασιν,
728 2115 784 2184 piar
801 2106 901 2185 ἔχουσαι
918 2113 1065 2181 ύπόστασιν,
1080 2112 1123 2180 τὴν
1141 2113 1286 2183 προαιώνισν

127 2182 185 2255 μὶν,
197 2182 329 2252 ἀσώματον
342 2183 382 2234 nai
399 2183 493 2252 ἁπλῆν,
512 2182 550 2235 ἐπ’
569 2181 681 2254 lapiton
699 2182 725 2235 δὲ
743 2186 791 2234 τῶν
809 2184 907 2254 χρόνων
920 2180 946 2233 έκ
959 2185 1000 2242 εἰς
1013 2181 1096 2252 ἁγίας,
1114 2179 1149 2233 aa
1166 2181 1286 2251 παρθένου

127 2252 321 2325 amputabimur
331 2250 514 2323 ἀμεταβλήτως.
533 2253 575 2304 Es
603 2244 699 2321 insecta
709 2255 803 2304 deitate
815 2261 840 2303 et
846 2256 964 2321 perfecta
978 2220 1135 2303 bumauitate
1145 2255 1236 2319 sactus
1252 2261 1288 2302 est

126 2339 190 2373 unus
202 2320 324 2384 Uiriatus,
336 2336 399 2372 unua
405 2323 477 2390 filius
490 2324 531 2373 dei
543 2332 567 2373 et
577 2272 696 2384 larrium,
714 2323 779 2372 idem
792 2325 846 2391 ipse
859 2322 919 2372 deus
927 2323 1068 2388 perfectus,
1088 2329 1112 2370 et
1122 2319 1192 2370 bomo
1200 2324 1286 2388 perse·

127 2398 191 2454 clus,
202 2397 266 2440 totus
275 2391 342 2453 deus,
355 2399 420 2441 totus
429 2390 507 2451 bomo,
520 2393 620 2441 rianirir
631 2394 732 2441 interae
741 2393 818 2440 unitis
829 2393 1009 2457 inconsnsc,
1021 2392 1033 2438 ι’
1039 2391 1205 2440 uconrerti
1210 2388 1242 2438 bi
1247 2389 1272 2438 li
1276 2417 1285 2426 ·

127 2466 176 2510 ter
191 2477 229 2510 ac
246 2459 530 2527 inseparabiliter.
566 2459 700 2526 inconfuse
717 2459 814 2526 quidem
832 2460 893 2526 quia
912 2475 1021 2525 arcaeque
1039 2465 1133 2508 natura
1145 2474 1216 2507 suam
1224 2475 1286 2525 pro·

121 2529 212 2597 priam
222 2527 392 2595 dufererrtiam
401 2530 505 2588 retinet5
519 2529 648 2588 diuinitas,
659 2531 807 2589 irnreaturn,
817 2525 972 2594 impassibile
982 2543 1046 2587 esee3
1060 2525 1205 2576 immanitas
1214 2543 1286 2576 crea·

127 2604 185 2658 mm,
194 2595 319 2663 passibile
331 2613 394 2657 esse,
414 2605 437 2645 ct
452 2614 516 2664 quae
532 2605 590 2646 sunt
601 2596 748 2648 biiiusmocli.
775 2594 1006 2646 lucerii-ertibiliter
1017 2611 1088 2655 eero,
1106 2597 1165 2662 quin
1178 2610 1287 2661 quaeque

126 2672 222 2716 natura
234 2663 406 2714 inalterabilis
413 2669 564 2733 permansit,
578 2683 624 2715 rion
638 2681 761 2715 corrrersa
773 2667 800 2715 in
813 2664 929 2725 alterum,
943 2681 1018 2732 ireque
1030 2681 1081 2712 una
1092 2665 1229 2731 composita
1242 2681 1288 2712 na·

126 2741 186 2784 tura
198 2733 257 2782 inde
270 2733 387 2800 conflata,
400 2735 445 2783 sed
457 2735 522 2784 ducis
534 2742 684 2794 reroesunt,
693 2741 861 2801 perpetuoque
871 2732 1129 2782 manebuntnaturae.
1148 2730 1287 2799 insepara-

126 2800 212 2853 biliter
224 2818 282 2851 uera
295 2801 399 2868 denique
412 2804 471 2868 quia
484 2801 641 2868 hypostatice
653 2801 703 2851 sibi
713 2805 819 2851 inuicem
831 2804 996 2862 auertendae,
1016 2817 1091 2849 uriam
1108 2798 1227 2849 babentes
1243 2797 1287 2865 ley-

121 2871 248 2941 poatasiu,
261 2886 324 2936 quae
337 2888 391 2919 cuni
397 2873 482 2937 suerit
493 2878 606 2931 aeterno,
620 2873 770 2938 incorporea
783 2877 807 2918 et
817 2870 930 2936 simplet,
943 2870 1084 2918 nouissimis
1096 2867 1246 2935 temporibus
1258 2885 1288 2916 ea

124 2945 217 2990 sanctu
231 2945 255 2988 et
265 2954 362 3055 semper
373 2940 472 3004 uiryine
484 2939 673 2988 immutabiliter
686 2941 824 2987 incarnato
837 2945 885 2987 est:
899 2942 924 2987 et
936 2936 968 2987 de
980 2935 1031 2987 fido
1044 2934 1236 2987 orthodoxalib.
1244 2933 1287 2988 Ill.

125 3020 183 3076 cap.
193 3003 239 3059 III.
253 3005 297 3056 lib.
322 3004 352 3059 V.
365 3022 421 3075 cap.
433 3004 478 3057 IX.
496 3005 587 3057 Petrus
599 3006 729 3058 Diaconos
742 3005 773 3056 de
785 3005 910 3058 incarnat.
925 3004 1023 3056 domini
1035 3020 1089 3073 cap.
1100 3003 1124 3056 2.

176 3097 352 3166 Timotheani]
370 3099 492 3151 Danaeus
505 3099 537 3150 ad
549 3100 726 3167 Augustinum
737 3099 768 3151 de
780 3096 879 3151 haeres.
891 3115 947 3168 cap.
958 3097 999 3152 90.
1011 3115 1045 3150 ex
1057 3099 1200 3168 exemplari
1210 3098 1287 3152 Gem-

124 3167 223 3221 bleusi:
240 3167 264 3218 Τ
260 3169 398 3220 imotbeaui
410 3169 584 3235 dieuntjilium
598 3170 640 3219 ‹lei
650 3187 734 3219 semera
746 3171 844 3237 quidem
856 3166 978 3219 bominem
990 3186 1020 3219 ec
1031 3171 1130 3235 cirqine
1141 3167 1231 3220 diaria
1241 3188 1287 3221 ua·

124 3245 183 3301 bem,
194 3238 241 3289 sed
252 3254 298 3287 reon
311 3240 348 3288 ita
361 3255 437 3287 unam
449 3238 592 3287 reddidisse
600 3255 745 3304 personam,
758 3245 787 3286 ut
797 3255 844 3287 non
855 3240 883 3287 iu
895 3254 970 3287 renam
982 3241 1017 3287 sit
1026 3238 1147 3288 redactus
1160 3246 1286 3300 naturam,

124 3307 299 3375 corulaturium
311 3306 437 3374 quoddam
455 3306 561 3356 colentes
572 3308 655 3371 fuisse
673 3309 797 3356 interiora
811 3308 931 3372 cirqinis,
945 3323 996 3374 per
1013 3307 1078 3373 quod
1090 3307 1155 3357 duae
1168 3315 1286 3367 naturae,

123 3376 155 3427 id
166 3382 204 3426 est
221 3375 281 3425 deus
294 3383 318 3425 et
329 3374 408 3435 bomo,
420 3377 447 3424 in
459 3392 535 3424 unam
547 3375 671 3424 resolutae
684 3382 708 3424 et
718 3383 865 3441 corripactae
877 3391 1001 3437 massam,
1017 3393 1093 3425 uriam
1112 3376 1154 3426 dei
1169 3383 1192 3425 et
1208 3374 1285 3427 bomi-

125 3447 166 3495 uia
177 3440 465 3525 eabibueriutfarmam·
477 3446 634 3492 imniutatam
646 3443 766 3512 videlieet
775 3450 926 3494 naturarum
935 3446 1125 3511 proprietatem,
1138 3446 1286 3511 efficientia·

124 3529 181 3563 rum
190 3514 304 3562 coitione.
322 3510 359 3561 let
367 3513 403 3561 ad
412 3513 611 3578 confirmandam
623 3510 765 3562 liuiusmodi
774 3514 935 3579 impietatem,
947 3530 1012 3580 quae
1024 3514 1095 3563 deum
1107 3515 1227 3562 asserito
1239 3529 1286 3562 aaa

124 3597 223 3632 uersum
235 3588 330 3631 natura
343 3588 436 3646 coquat
451 3580 622 3646 erauqelistae
638 3582 800 3630 testimonium
818 3581 937 3631 dicentis:
955 3589 980 3631 et
994 3581 1095 3631 uerbum
1112 3598 1173 3630 euro
1182 3584 1286 3647 facturn

125 3656 173 3712 est,
190 3649 256 3717 qued
266 3651 304 3698 ita
317 3652 524 3716 interpretantur,
537 3651 625 3700 diuina
639 3656 733 3698 reaturo
745 3651 773 3699 in
785 3647 921 3698 bumanam
930 3666 1052 3699 correersa
1064 3657 1107 3699 est.
1140 3647 1160 3696 (l
1172 3648 1286 3699 abolitio-

124 3734 180 3769 nem
196 3717 237 3768 illi
248 3717 391 3768 insaciabili
402 3719 576 3784 impinqentem
588 3717 753 3768 substantiae.
783 3716 866 3767 Huius
882 3720 1021 3784 impictatis
1032 3719 1130 3766 initium
1147 3715 1286 3767 lirnotbeus

125 3786 197 3855 apud
206 3784 305 3851 Byeam
316 3784 453 3850 Bithyniae
462 3787 532 3836 modo
541 3786 646 3836 exulans
656 3788 790 3847 cii-itatem,
803 3789 953 3836 euritinentis
962 3793 986 3836 et
996 3785 1132 3851 relipioeae
1144 3787 1212 3835 uitae
1222 3788 1286 3836 inra-

123 3857 184 3923 qiue
195 3855 280 3904 mult-ie
297 3854 388 3905 illudit.
419 3851 502 3904 Huius
517 3853 599 3906 furori
616 3853 736 3922 opposuit
753 3869 781 3904 se
799 3854 862 3905 olim
878 3853 984 3904 Samuel
1001 3851 1147 3904 Edessenae
1164 3852 1286 3905 ecclesiae

124 3921 272 3992 presbyter,
291 3921 429 3973 ostendens
445 3922 553 3974 verbum
565 3938 669 3974 carnem
680 3921 792 3984 factum,
809 3928 931 3974 manente
943 3919 1021 3972 verbo
1033 3919 1060 3972 in
1072 3936 1120 3972 sua
1132 3921 1286 3984 substantia,

125 3994 152 4042 et
162 3986 268 4043 homine
277 3990 303 4042 in
313 4006 361 4041 sua
370 3996 470 4052 natura,
483 3990 605 4043 societate
617 4008 670 4043 non
682 3990 857 4052 immixtione,
875 4005 955 4041 unam
966 3988 1014 4040 filii
1025 3987 1066 4040 dei
1078 3988 1218 4042 reddidisse
1229 4006 1286 4060 per-

124 4074 224 4112 sonam.
244 4057 392 4111 Gennadius
405 4057 559 4110 Massiliens.
572 4059 598 4110 in
612 4058 724 4127 catalog.
737 4059 813 4110 viror.
825 4057 916 4109 illustr.
929 4057 956 4109 in
969 4056 1098 4110 Samuele.

174 4143 245 4196 Deus
257 4143 389 4196 hominem
402 4142 555 4211 assumpsit]
573 4143 601 4195 Id
613 4149 660 4208 est,
674 4151 702 4195 nt
714 4143 875 4212 Augustinus
887 4142 924 4194 ait
936 4141 967 4194 de
979 4141 1041 4195 Fide
1053 4141 1088 4195 sd
1097 4141 1210 4206 Petrum,
1221 4160 1246 4197 c.
1260 4144 1284 4198 2.

125 4210 197 4265 Deua
212 4213 314 4264 uerbum
331 4215 433 4280 accepit
449 4221 566 4262 naturam
584 4211 691 4263 bominis
707 4231 754 4264 riou
769 4229 912 4279 personam.
942 4209 1010 4262 Nam
1027 4212 1186 4263 bunuarium
1203 4212 1286 4264 dicere

125 4280 191 4350 (scii
204 4281 272 4350 quod
284 4296 394 4349 persona
405 4295 514 4331 manens
526 4279 553 4330 in
565 4295 613 4330 sua
624 4280 835 4349 personabilitate
846 4279 924 4331 luerit
941 4284 1083 4349 assumpta)
1099 4286 1139 4332 est
1155 4296 1225 4333 error
1236 4280 1286 4333 Ne·

124 4349 199 4403 storii
209 4350 253 4418 qui
266 4349 354 4418 posuit
365 4349 392 4400 in
405 4347 506 4400 Christo
519 4347 584 4399 duas
595 4364 733 4417 personas,
750 4349 790 4399 vel
803 4348 853 4399 duo
866 4348 1014 4418 supposita,
1032 4362 1084 4416 quo
1102 4349 1147 4418 qni
1164 4347 1287 4402 adhaeret

124 4416 173 4471 deo
184 4434 253 4471 unus
265 4417 371 4487 spiritus
383 4423 434 4468 est:
470 4416 497 4475 ui
515 4431 585 4467 error
601 4416 787 4468 condemnatus
803 4416 887 4467 estin
904 4416 1004 4484 synodo
1017 4415 1210 4470 Calcedoneusi.
1227 4418 1285 4471 Vid.

123 4485 263 4540 Durandus
276 4490 386 4538 sentent.
398 4485 443 4537 lib.
453 4433 480 4538 b.
493 4484 605 4536 distinct.
615 4484 645 4535 V.
658 4490 758 4554 quaest.
768 4483 787 4536 I.
805 4483 896 4536 Petrus
907 4484 1067 4537 Lombardns
1080 4486 1124 4538 lib.
1138 4485 1162 4537 3.
1174 4493 1284 4539 sentent.

125 4554 237 4608 distinct
246 4556 277 4608 V.
304 4554 481 4606 Damascenis
498 4552 530 4604 de
546 4551 598 4605 fide
611 4551 756 4606 orthodoxa
766 4553 810 4604 lib.
820 4551 864 4605 III.
876 4569 933 4622 cap.
943 4552 961 4605 l.
987 4552 1140 4676 Fulfflntius
1156 4554 1188 4606 ad
1200 4554 1285 4608 Trasi-

123 4621 453 4692 muudumregemlib.lll.
470 4621 583 4675 Isidorus
591 4621 753 4689 Hispalensis
765 4627 875 4676 sentent
884 4621 928 4676 lib.
937 4621 957 4677 I.
968 4637 1025 4692 cap.
1074 4623 1104 4678 V.
1123 4623 1284 4693 augustiam
