3046 5124
412 385 450 426 uu
464 384 687 426 uocuasiasmms
701 384 893 426 poossumus.
1170 380 1232 451 355

76 536 156 592 VIII.
164 537 260 592 reIIX.
267 540 324 590 olim
333 538 458 600 Bobtmut,
465 540 539 591 hodie
550 539 734 591 Vindobonenai
740 559 763 593 o.
771 537 929 590 CCCXXII.
936 543 982 607 (ιγ’.
990 538 1142 591 Endlioiers'
1148 539 1232 591 catat.

70 607 149 660 eodo.
162 607 255 659 Pateat.
266 606 353 659 Latin.
367 607 434 660 Bibe.
447 608 533 660 Pulot.
552 607 657 661 Vendat.
667 627 694 676 p.
706 607 760 658 217
771 613 827 675 sp),
840 607 904 658 liaeo
917 609 1008 658 addita
1021 609 1148 674 loquutur:
1161 608 1234 659 iuxta

70 675 173 727 divinae
185 676 326 744 scripturae
338 677 490 728 relationem
502 677 632 744 integrum
644 675 783 738 hominem,
814 676 841 727 ui
851 692 884 726 ex
896 675 983 727 anima
994 677 1097 727 constat
1113 683 1139 727 et
1150 691 1234 738 carue,

70 743 104 794 ad
115 743 259 813 imaginem
271 744 312 796 dei
323 743 430 807 iactum,
444 744 488 796 illa
500 744 623 810 imagine,
641 761 693 812 qua
705 751 795 813 postea
829 761 888 796 omo
900 743 983 795 factus
996 749 1035 795 est
1046 742 1117 807 dous,
1134 743 1234 795 dicente

71 811 209 880 Apostolo:
223 817 249 863 et
259 814 379 879 regnavit
389 828 460 864 mors
473 813 505 864 ab
519 813 596 864 adem
607 829 689 880 usque
701 829 827 881 moysem,
840 813 919 863 etiam
930 813 957 864 iu
966 829 1018 874 eos,
1031 812 1075 880 qui
1084 829 1136 864 uou
1144 827 1236 880 peeca-

70 904 176 960 verunt,
188 896 218 949 in
233 896 429 949 similitudinem
445 897 656 965 prevaricationis
674 897 751 960 adae,
769 897 813 964 qui
831 903 871 947 est
886 896 970 949 forma
985 897 1078 960 futuri,
1095 896 1121 948 id
1137 901 1176 948 est
1192 914 1234 965 χρι

71 964 208 1017 novissimi
220 964 304 1028 adam,
317 965 362 1035 qui
374 965 401 1017 iu
413 965 498 1017 for'ma
510 971 629 1033 quaerat
642 965 796 1033 quaudoque
809 963 940 1017 homiuem
952 965 1144 1034 adsumpturus,
1161 980 1234 1044 prae·

71 1031 195 1085 formavit
204 1033 318 1102 primum
330 1033 414 1096 adum,
432 1034 600 1085 confirmante
618 1032 666 1084 hoo
679 1035 766 1102 ipsum
782 1033 913 1102 apostolo,
931 1033 976 1085 ubi
987 1033 1059 1085 dicit:
1080 1033 1119 1084 vir
1131 1031 1234 1101 quidem

71 1117 125 1153 uon
138 1100 214 1153 debet
224 1102 311 1154 velare
322 1108 401 1171 eaput
412 1117 497 1165 suum,
514 1103 575 1170 quia
592 1102 676 1170 gloria
688 1109 714 1153 et
725 1102 813 1168 imago
827 1101 867 1153 dei
880 1106 927 1165 est,
942 1101 1035 1155 mulier
1052 1102 1080 1154 in
1092 1101 1175 1170 gloria
1187 1101 1235 1151 viri

70 1174 120 1224 est.
150 1168 180 1221 in
192 1168 280 1221 anima
291 1185 370 1222 sexus
383 1168 517 1221 diversitas
530 1187 581 1221 nou
595 1174 641 1221 est.
672 1169 700 1221 Si
712 1182 765 1220 uua
782 1170 898 1220 masculo
916 1175 941 1220 ot
957 1168 1068 1226 feminae
1084 1169 1172 1221 anima
1188 1174 1235 1230 est,

71 1237 140 1289 siout
151 1253 214 1289 vera
225 1243 271 1302 est,
285 1237 414 1307 quomodo
426 1239 474 1289 viri
486 1238 577 1289 dicitur
589 1239 676 1306 imago
689 1254 746 1289 esse
759 1237 808 1301 dei,
824 1237 921 1289 femina
933 1238 1020 1306 imago
1032 1237 1088 1300 viri,
1104 1237 1155 1290 nisi
1167 1236 1235 1305 quod

72 1340 87 1392 y
106 1341 118 1382 ς
139 1322 202 1375 deus
220 1328 319 1375 creator
336 1321 448 1375 hominis
465 1323 513 1374 viri
531 1321 642 1374 formam
659 1323 843 1391 adsumpturus
860 1328 952 1390 postea
969 1329 1031 1386 erat,
1049 1324 1161 1403 impsum
1174 1324 1235 1384 (aie)

71 1340 105 1443 si
120 1391 263 1470 imaginem
281 1408 356 1443 suam
374 1390 746 1460 prefiguravit,femi11avero
764 1407 797 1442 ex
814 1391 869 1442 viro
886 1396 1017 1459 sumptam
1034 1392 1082 1442 viri
1093 1390 1235 1458 maginem

22 1488 34 1511 .-
71 1465 210 1528 express1t‚
223 1460 299 1511 ambo
312 1466 399 1511 tamen
412 1461 500 1528 imago
512 1459 561 1521 dei,
576 1461 638 1528 quia
648 1476 716 1511 uuus
729 1476 762 1510 ex
775 1459 865 1521 altero,
877 1458 977 1510 dicante
989 1459 1127 1528 scriptura:
1140 1458 1237 1509 creavit

71 1526 136 1580 deus
147 1525 288 1591 hominem,
301 1528 333 1579 ad
345 1529 487 1608 imaginem
500 1527 542 1579 dei
554 1528 650 1579 creavit
661 1544 727 1591 eum,
740 1527 885 1580 masculum
898 1533 924 1578 et
940 1526 1064 1580 seminam
1076 1527 1171 1580 creavit
1183 1542 1234 1577 eos.

72 1595 245 1665 „Explicit
262 1597 431 1666 expositio
449 1595 533 1648 fidei
551 1594 758 1648 catholieae.”
