3046 5124
536 342 870 385 nnnacaaeruuearaar.
1224 346 1281 411 161

127 506 243 565 mentes
257 496 448 585 philosophi,
462 503 581 585 poetae,
597 507 734 564 oratores
750 507 843 582 atque
855 498 1106 583 historiographi,
1122 503 1214 564 sicuti
1229 522 1282 565 ro·

126 600 262 683 luerunt,
282 602 323 667 ad
338 623 412 666 suae
428 605 614 687 paganitatis
633 603 800 665 mendacia
815 598 1056 683 transtulerunt,
1078 602 1209 685 aliisque
1225 624 1283 667 no·

124 704 259 769 minibus
274 704 369 769 rudes
383 725 551 789 puerorum
566 708 688 768 animos
703 705 870 768 edocentes
881 704 980 785 legem
998 704 1046 768 dei
1060 704 1198 768 divinam
1214 708 1283 768 irri-

123 812 186 871 tam
200 806 308 871 seculo
324 809 427 871 lacere
441 816 662 893 properarunt,
681 810 914 893 impietatisque
935 810 1056 870 semina
1073 809 1104 869 in
1121 829 1196 871 sono
1211 828 1283 872 ver·

124 908 244 991 horum,
257 911 292 973 iu
307 909 490 994 periculosis
506 913 670 974 sententiis
686 910 925 987 confirmarunt3
943 930 1073 993 qnorum
1089 931 1183 975 carisa
1199 912 1284 975 diee-

123 1010 176 1077 tar
189 1016 223 1075 et
237 1012 382 1076 domiuus
398 1013 482 1075 iures
498 1020 591 1096 atque
606 1013 763 1078 latronesq
780 1034 833 1077 cos
849 1014 961 1095 fuisse,
980 1016 1013 1076 ln
1030 1014 1174 1077 omnibus
1191 1020 1284 1098 atque

124 1115 160 1179 ah
175 1114 324 1179 omnibus
340 1116 579 1197 cognoscendos.

182 1217 242 1281 Est
254 1217 393 1281 haeresis
408 1238 487 1300 qnae
508 1221 620 1281 iterum
635 1226 706 1302 post
721 1218 866 1302 Aquilam
882 1218 1023 1301 Triginta
1037 1220 1218 1285 hominum¹²
1234 1224 1283 1284 in·
1301 1228 1352 1279 Cer·
1367 1228 1459 1308 mn}

123 1322 376 1405 terpretaticnem
388 1323 512 1404 accipit,
524 1342 586 1384 non
599 1320 982 1385 illorumbeatissimorum
990 1322 1194 1407 Septuaginta
1206 1324 1283 1387 dno·
1302 1297 1362 1352 (ΟΨ
1375 1295 1495 1346 cmm

123 1440 201 1504 rum,
215 1442 298 1506 quae
312 1424 431 1504 integre
446 1423 654 1505 iuviolateque
671 1423 709 1485 de
725 1426 864 1487 trinitate
881 1427 1053 1487 sentientes
1066 1426 1215 1489 ecclesiae
1229 1448 1282 1490 ea·

124 1524 255 1589 thelicae
270 1525 467 1589 firmamenta
481 1528 655 1589 certissima
671 1526 866 1589 tradiderunt
886 1530 1127 1611 interpretantes
1149 1532 1283 1614 scriptu·

124 1644 181 1691 ras.
202 1627 263 1691 Isti
277 1629 406 1711 triginta
420 1630 454 1690 in
468 1628 576 1691 multis
591 1628 738 1711 Aquilam
754 1636 827 1691 sunt
849 1632 966 1710 secuti,
987 1631 1069 1694 unde
1090 1631 1129 1695 ab
1153 1632 1286 1697 eeclesia

126 1728 276 1794 catholica
293 1737 327 1792 et
345 1732 476 1794 istorum
496 1751 559 1795 non
574 1733 743 1814 suscipitur
762 1734 995 1816 interpretatio,
1015 1754 1093 1816 qnae
1110 1738 1286 1799 continetur

125 1833 156 1897 ln
169 1832 260 1897 libris
273 1833 473 1896 authenticis.

183 1934 241 1999 Est
254 1935 393 1999 haeresis
408 1956 487 2019 qnae
500 1937 612 2000 iterum
625 1936 687 2000 Sex
702 1939 840 2001 virorum
853 1939 1161 2022 interpretationem
1177 1949 1284 2024 postea
1303 1947 1354 1998 crr·
1371 1945 1460 1988 cmv·

125 2037 239 2103 editam
252 2037 322 2102 vult
332 2040 431 2122 sequi,
446 2059 508 2102 non
526 2038 649 2102 illorum
660 2042 798 2124 priorum
811 2041 1068 2124 ¹sanctornmqnc
1081 2042 1286 2127 Septuaginta
1303 2017 1362 2068 (αφ’
1375 2014 1446 2067 ω’)

126 2138 266 2223 duorum,
280 2146 313 2205 et
328 2162 400 2209 eum
415 2138 542 2205 decreta
556 2141 759 2226 consultaque
772 2142 977 2227 Septuaginta
993 2143 1124 2209 duorum
1135 2146 1204 2209 aliis
1216 2169 1283 2210 mo-

191 2379 256 2450 Gap.
270 2377 383 2433 CXLIII.
405 2383 432 2431 ia
445 2379 506 2432 abe:
518 2383 669 2449 {asscriptum
681 2389 719 2432 eet
727 2379 858 2435 Hennaeis
871 2381 986 2448 (arrasa
1000 2384 1117 2451 redditis.)
1129 2402 1164 2436 ne
1176 2401 1286 2438 sarrra-

128 2464 204 2503 arm
216 2465 431 2503 iarnaraerravs.

190 2522 254 2604 Gap'.
267 2532 379 2587 CXLIV.
397 2538 425 2585 ia
437 2535 492 2585 aba.
504 2538 653 2603 intemptata
667 2543 703 2585 eat
712 2536 780 2586 Ama
794 2552 828 2586 na
840 2553 931 2587 aaran
944 2554 984 2590 na.
999 2567 1033 2576 —
1054 2538 1074 2588 l.
1087 2544 1235 2591 sanctorum
1255 2555 1287 2592 nc

127 2600 231 2657 mu
242 2608 270 2655 et
285 2619 347 2655 cum
363 2603 467 2655 decreta
483 2603 654 2671 consultaque
668 2602 776 2656 LXXII.
793 2604 851 2656 aliie
866 2605 951 2657 modis
968 2607 1002 2657 A.
1015 2614 1173 2672 sanctorum,
1185 2610 1229 2677 qui
1238 2554 1287 2661 Se·

127 2672 265 2743 ptuagiuta
273 2671 385 2725 duorum
396 2671 454 2724 aliis
465 2671 550 2724 modis
561 2673 659 2740 reliqui.

157 2912 183 2967 q.
199 2894 273 2950 iures
293 2900 370 2966 atque
386 2894 512 2963 latrones]
542 2894 596 2948 leh.
608 2895 645 2950 X.
655 2894 680 2951 8.
767 2896 829 2967 Gap.
842 2896 953 2951 CXLIV.
966 2928 998 2935 -
1016 2914 1039 2953 a.
1053 2898 1106 2952 Sex
1123 2902 1236 2955 virorum
1248 2902 1286 2953 in-

126 2962 232 3029 (naa.)
731 2967 954 3046 terpretationem]
979 2967 1064 3019 Simili
1085 2968 1288 3022 hallucinatione

157 3032 196 3087 Oa
215 3073 222 3087 .
239 3031 353 3087 CXLIII.
370 3063 403 3072 —
429 3049 453 3084 a.
470 3034 578 3102 triginta
596 3033 680 3086 homi·
731 3032 882 3086 Phriasmius
904 3051 950 3087 sex
968 3036 1082 3089 virorum
1099 3038 1287 3107 interpretatio·

126 3117 189 3155 uum
225 3101 423 3156 verisimillima
438 3101 503 3153 mihi
520 3102 621 3154 videtur
637 3103 680 3154 do·
731 3118 792 3154 uem
801 3103 914 3172 appellat
923 3118 989 3172 quae
998 3105 1025 3155 in
1033 3106 1287 3174 marginiiiusllexa-

126 3170 236 3225 cussini
249 3168 445 3223 viriliumfrcdi
455 3170 531 3238 Hody
542 3172 680 3234 sententia,
749 3170 833 3222 lorum
851 3170 1081 3239 Origenianorum,
1098 3175 1139 3226 rel
1158 3179 1236 3241 κοινῆς
1254 3177 1286 3227 ab

179 3256 207 3310 p.
218 3236 277 3290 632.
294 3237 380 3307 operis
392 3238 423 3290 de
438 3237 531 3290 Bibliis
543 3238 681 3290 (lrirrinali
754 3238 845 3307 rigene
861 3240 1002 3292 recensitae
1019 3246 1109 3294 notata
1123 3242 1174 3294 tuit.
1189 3260 1235 3313 per
1247 3245 1287 3295 lit·

191 3311 269 3359 aeute
286 3306 391 3359 coniicit
406 3322 453 3375 per
471 3307 579 3375 triginta
588 3282 681 3359 laomi-
733 3312 800 3358 teras
813 3325 850 3357 or.
872 3307 1027 3378 intelligitur
1039 3316 1127 3363 autem
1143 3318 1231 3373 sexta,
1248 3328 1287 3363 re·

124 3390 188 3429 mm
207 3375 448 3445 interpretationem
467 3376 542 3441 tangi
563 3391 578 3427 a
597 3374 681 3427 Phila·
732 3380 805 3494 perta
824 3376 857 3428 ab
875 3376 986 3445 Origene
1006 3377 1125 3449 Nicopoli
1145 3380 1170 3431 in
1191 3381 1287 3432 Actaeo

124 3445 188 3497 atrio
199 3442 340 3497 editioum
350 3442 464 3495 Graecae
472 3443 616 3496 Bibliorum
625 3460 681 3496 vor·
742 3444 832 3512 ittore,
851 3461 916 3513 quae
934 3446 1062 3513 allegatur
1079 3448 1111 3499 ab
1129 3448 1240 3500 Errsehio
1260 3449 1287 3500 in

123 3512 208 3565 aionis
224 3526 306 3581 quam
327 3512 457 3563 recensuit
473 3513 535 3564 olim
550 3511 681 3565 Larianus
731 3510 850 3564 Psalmos
861 3530 887 3582 p.
896 3512 954 3566 tm.
972 3514 1046 3567 Illam
1055 3516 1099 3567 alii
1132 3517 1230 3567 uictam
1243 3533 1286 3585 ap-

124 3578 681 3701 preshyterhntioehennsquaequeinmar·
732 3582 843 3660 pellant,
856 3582 956 3701 quihus
970 3600 1016 3653 pro
1035 3591 1109 3636 sexta
1136 3585 1234 3664 nabetur
1247 3601 1286 3664 re·

123 3648 232 3771 tttt?
265 3647 504 3769 ⁰⁰⁶¹⁰⁰¹ladad
518 3648 682 3771 Sillii
732 3651 1287 3782 trittattttttttahttt.ttt

136 3790 167 3839 nt
181 3784 209 3838 in
225 3732 518 3854 {dileepllrophotamm
536 3787 581 3866 qui
598 3792 638 3838 est
653 3786 681 3837 in
732 3786 773 3837 fra
781 3802 803 3837 c.
812 3747 880 3854 ll‘l.)
893 3788 984 3868 quinta
994 3738 1044 3839 estq
1044 3787 1195 3857 Epiphanio,
1208 3788 1286 3840 Atha·

123 3920 198 3977 meh.
214 3920 309 3975 Simon
319 3920 387 3973 Bitt
404 3920 464 3974 crit.
476 3928 539 3974 tom.
552 3923 570 3976 I.
583 3940 608 3992 p.
623 3920 680 3974 181.
732 3922 776 3973 tici
791 3923 921 3992 scriptori,
934 3854 1286 3994 Slilhly‘hrdetlilhiolinotlldldIu

123 3984 512 4071 mammumuonhucianns
522 3991 680 4059 designatur,
731 3991 829 4059 profert
841 3991 968 4111 quaedam
985 3992 1112 4044 Eusebius
1129 3993 1157 4043 in
1168 3992 1286 4075 Psqlmos

124 4060 173 4113 eod
183 4056 207 4111 ol
217 4057 309 4121 iarael,
321 4063 400 4111 oeten
407 4065 568 4128 mtcrpretee.
587 4059 615 4111 V.
625 4076 682 4111 eru-
733 4075 759 4127 p.
772 4058 812 4111 73.
825 4060 841 4110 9
860 4102 866 4114 .
879 4060 918 4112 94.
933 4059 988 4113 106.
1003 4058 1058 4112 139.
1073 4059 1128 4111 148.
1141 4066 1168 4113 et
1179 4062 1235 4114 ains
1249 4064 1285 4115 lo·

142 3852 285 3907 lhliotheca
310 3853 465 3906 lesuitarum
493 3854 573 3908 Paris.
616 3853 681 3907 Vide
732 3855 805 3906 nasio
822 3855 849 3906 in
861 3855 933 3923 Syno

124 4126 209 4183 ditias.
225 4126 408 4181 montaneam
422 4127 505 4180 Praei.
522 4128 554 4179 ad
565 4127 682 4207 Heuapla
734 4127 771 4179 cis
783 4144 861 4196 quam
882 4128 988 4191 lurimis,
1005 4133 1031 4207 et
1042 4144 1066 4196 p.
1078 4127 1145 4193 tea,
1157 4131 1201 4182 ubi
1213 4137 1287 4213 notat

123 4194 683 4326 Quatiraltttttttttt,titt
732 4195 1286 4332 tetartatttttttttttmt

206 4331 322 4385 Graecos
331 4337 395 4384 nota
407 4337 447 4384 est
461 4332 561 4383 numeri
572 4333 681 4384 tricena-
733 4330 834 4383 daicam
855 4333 1010 4384 sententiam
1025 4350 1072 4402 pro
1091 4334 1131 4386 ius
1153 4342 1227 4389 erant
1246 4338 1286 4389 in·

117 4432 121 4438 -
181 4400 221 4454 lle
229 4400 393 4453 illaLuciani
401 4400 521 4461 editione,
533 4400 606 4451 cuius
618 4416 681 4453 usne
732 4401 871 4468 terpretati.
888 4399 972 4452 Etiam
987 4401 1015 4453 S.
1026 4350 1177 4457 Amhrosine
1189 4406 1216 4458 in
1228 4405 1285 4459 loco

123 4469 316 4540 leugelatequc
343 4469 416 4529 atuit,
424 4466 680 4537 rideeiplacetquae
730 4467 832 4519 Miehac
878 4469 977 4523 uintam
1004 4470 1169 4527 madiu‘onem
1196 4474 1286 4526 laudat

124 4539 215 4593 uetari
223 4538 271 4591 lih.
282 4536 307 4591 3.
319 4485 513 4591 Sibltlraecae
523 4552 545 4588 e.
558 4534 595 4588 13.
605 4538 629 4601 ξ.
640 4538 679 4591 14.
730 4535 840 4657 epistola
848 4486 889 4590 ih.
900 4536 930 4593 Τ.
939 4538 964 4591 3.
976 4537 1036 4595 edit
1048 4558 1130 4595 norae
1139 4558 1200 4613 pag.
1213 4541 1283 4597 1065.

124 4603 425 4676 «mamere.
459 4603 518 4669 (a)
730 4603 836 4669 (raa.)

1055 4694 1083 4749 ll
