3046 5124
256 370 298 436 54
760 370 909 415 nnumin

255 531 383 612 propter
401 525 471 592 illos
489 546 560 593 suos
587 528 907 614 pseudoprophetas&
933 533 1094 595 insaniunt
1113 531 1379 617 ‘adsentientem
1404 540 1434 598 et

256 648 320 694 non
331 629 551 712 intelligentes,
567 630 650 714 quod
662 631 763 715 qualis
776 635 947 723 immensus
959 639 1008 697 est
1020 639 1119 718 pater,
1134 633 1208 699 talis
1221 642 1276 700 est
1289 642 1327 701 et
1338 636 1433 719 filins,

256 730 329 796 talis
345 739 392 795 est
403 739 435 796 et
446 736 574 817 spiritus
586 735 742 815 sanctnsd,
758 735 896 818 aequalis
912 738 945 798 in
957 736 1112 817 omnibus,
1127 739 1172 801 ita
1182 742 1221 800 ut
1231 740 1279 802 sit
1294 738 1433 805 6immo·

256 834 329 899 hilis
349 837 487 917 trinitas,
511 838 664 900 immonsa
687 843 718 901 et
742 841 939 923 omnipotens
965 844 1058 921 atque
1079 842 1276 924 sempiterna
1298 841 1432 927 ubique,

256 937 351 1021 ²quae
367 937 458 1003 nobis
474 940 636 1002 nuntiatur
651 959 689 1002 ex
704 943 820 1003 sanctis
837 943 1001 1024 scripturis
1016 944 1228 1029 apertissime,
1250 948 1291 1008 ut
1313 951 1351 1009 et
1369 948 1434 1009 sini

255 1046 318 1104 tres
340 1031 491 1126 personae
510 1044 651 1105 viventes
672 1044 924 1127 inperpetuum,
946 1049 977 1106 ot
998 1043 1143 1127 aequales
1165 1048 1197 1109 in
1219 1050 1315 1111 omni
1332 1051 1433 1113 maie·

255 1148 334 1207 state
343 1150 375 1207 ot
382 1147 533 1229 potentia,
545 1144 627 1208 filius
636 1150 740 1207 tamur
749 1151 780 1207 et
788 1148 915 1230 spiritns
926 1154 1053 1210 sanctus
1062 1147 1100 1210 de
1109 1146 1197 1231 patre
1205 1151 1276 1212 sint
1283 1154 1430 1238 proprie.

126 1241 175 1292 ⁰⁸9·
189 1242 236 1282 ¹¹st
316 1246 394 1311 Post
414 1247 507 1310 ¹istos
527 1246 597 1309 alii·
616 1246 798 1310 recedentes
825 1247 863 1310 ab
884 1247 950 1312 ²his
973 1248 1118 1313 dixerunt
1140 1249 1274 1333 similia,
1305 1254 1432 1320 addunt

255 1350 351 1412 ctiam
369 1348 600 1413 Melchisedech
622 1349 814 1413 sacerdotem
836 1352 1001 1415 ³vi1tutem
1029 1351 1079 1415 dei
1101 1372 1252 1435 magnam
1276 1374 1376 1439 esse,
1404 1362 1435 1421 ct

254 1454 384 1516 nomina
399 1450 552 1534 quaedam
564 1451 687 1516 diversa
697 1452 876 1516 hominumb
892 1453 1044 1518 adserunt
1058 1477 1076 1517 a
1091 1454 1152 1518 tide
1165 1454 1334 1522 catholica
1348 1459 1433 1525 ⁴dia·

256 1560 414 1619 sonantes.

117 1668 167 1719 cm·
180 1668 238 1709 bm-
319 1656 383 1721 Alii
402 1662 507 1720 autem
525 1656 682 1739 Noitiaui,
702 1660 853 1721 insensati
873 1658 1035 1723 cuiusdam
1053 1663 1178 1725 nomine
1200 1661 1359 1747 ¹Noeti·,
1380 1668 1433 1750 qni

257 1759 381 1823 (licebat
395 1765 515 1844 patrem
531 1761 776 1844 omnipotentem
790 1764 894 1845 ipsum
909 1781 977 1824 esse
994 1761 1166 1843 Christum,
1187 1768 1219 1826 et
1239 1766 1360 1849 ipsum
1375 1789 1433 1848 na-

254 1868 369 1926 tumet
387 1865 491 1947 ipsum
513 1884 641 1947 passum
660 1869 691 1926 et
711 1866 814 1948 ipsum
837 1870 993 1928 mortuum
1013 1865 1108 1928 fuisse
1130 1867 1163 1928 in
1186 1887 1338 1951 corpore.
1372 1872 1433 1936 Hic

254 1963 1432 2056 ctiamdicebatsa²noyscncsso,³ctfratromsuumneuamhprophetam.

319 2101 344 2156 5
356 2101 530 2155 adsentientes
543 2102 576 2155 Α.
589 2100 614 2153 id
627 2102 767 2154 sentientes
781 2103 878 2170 reliqui,
897 2107 923 2152 iu
939 2103 1026 2169 quidus
1035 2106 1095 2170 sere
1112 2105 1242 2154 distinctio
1256 2114 1297 2157 eat
1337 2108 1434 2162 seudo-

252 2170 390 2243 prophetas
408 2171 548 2234 insaniunt,
565 2170 591 2222 id
608 2171 748 2223 sentientes
766 2179 821 2224 cett.
874 2170 896 2222 6.
915 2170 1084 2223 immutabilis
1098 2170 1120 2224 b.
1139 2174 1166 2223 s'u
1177 2188 1263 2240 mcrp.
1344 2192 1433 2249 ,qm

252 2259 297 2295 rrrrr.
310 2241 345 2295 Α.

319 2308 356 2362 Ca
375 2308 446 2362 .Lll.
467 2313 495 2360 iu
514 2308 595 2361 Bato.
619 2312 765 2377 trancriptum
790 2307 867 2360 tabet
885 2307 924 2359 Du
946 2322 1159 2362 uuncnrsnnucn.
1190 2338 1222 2348 -
1256 2309 1280 2362 l.
1308 2311 1376 2368 illos
1397 2316 1432 2370 A,

252 2380 275 2433 2.
288 2377 338 2431 hiis
352 2327 384 2431 d
435 2377 459 2431 3.
473 2377 587 2429 dicentes
599 2376 721 2429 virtutem
734 2378 768 2430 A.
820 2377 844 2431 4.
857 2376 1019 2429 dissonantia
1031 2379 1052 2430 h.

319 2446 356 2500 Ga
375 2486 381 2498 .
394 2445 457 2498 LIII.
475 2449 502 2496 iu
514 2445 594 2496 Baba.
607 2449 756 2514 irracriptum
769 2445 844 2497 dubet
854 2445 994 2498 Neurrsur.
1009 2477 1041 2484 -
1067 2446 1088 2497 l.
1101 2445 1177 2498 Noeti
1189 2464 1211 2499 e.
1223 2444 1360 2504 Noetiani
1372 2454 1432 2505 reli·

251 2521 300 2585 qui.
353 2464 498 2582 lMoyseu
512 2512 562 2565 Bo.
575 2514 666 2565 Mosen
679 2532 700 2566 c.
712 2514 900 2582 Mosemtrilb.
952 2513 976 2568 3.
989 2520 1015 2566 et
1027 2532 1072 2568 om.
1086 2515 1108 2569 t.

286 2670 308 2703 c.
317 2648 567 2721 pseudoprophetas]
575 2649 736 2702 llaecneseio
744 2667 807 2718 que·
859 2651 981 2703 destinati
993 2668 1014 2703 c.
1027 2651 1067 2704 34.
1086 2648 1281 2706 Theodorctum
1293 2654 1346 2709 lib.
1360 2656 1388 2711 2.
1399 2658 1431 2712 da

252 2720 328 2774 ruodo
341 2718 392 2771 huc
407 2718 557 2788 irrepserint
574 2734 608 2770 ex
620 2716 720 2769 haeresi
733 2717 807 2770 Gata-
858 2720 999 2772 llaereticis
1017 2719 1078 2772 nab.
1097 2736 1119 2771 c.
1132 2719 1155 2772 6.
1187 2720 1275 2774 Etiam
1299 2732 1432 2781 nostrum

270 2788 395 2856 hrygum,
413 2787 458 2839 ubi
475 2786 583 2839 totidem
600 2786 685 2838 verbis
703 2788 807 2838 omuino
859 2787 926 2839 irrina
937 2804 959 2839 c.
975 2788 1028 2840 143.
1056 2788 1112 2852 (F.)

251 2808 381 2927 leguntur.
406 2855 480 2908 Certe
493 2855 580 2906 nullus
595 2854 719 2907 hiolocus
731 2871 807 2924 pseu·
894 2856 917 2907 b.
940 2858 1046 2909 uomina
1086 2856 1197 2909 uaedam
1213 2856 1324 2913 diversa
1342 2860 1429 2918 homi·

252 2925 417 2996 deprophetis
425 2925 462 2977 ibi
471 2928 539 2976 recte
545 2924 694 2975 memoratis
704 2930 809 2993 propter
859 2927 933 2990 nuru]
951 2924 991 2976 lix
1003 2874 1147 2995 Epiplanio
1159 2925 1210 2979 LV.
1224 2925 1263 2990 2.,
1282 2929 1334 2983 ubi
1348 2932 1430 2986 tradi·

251 2996 408 3047 Montanum
425 2998 450 3044 et
467 2992 621 3056 Priscillam,
642 2993 743 3061 reliqua
763 3009 807 3044 au·
859 2999 900 3044 tur
909 2993 1151 3047 Melchisedeciauos
1160 2994 1270 3046 nomina
1300 3006 1431 3055 uentum

252 3070 305 3115 tem
317 3060 448 3130 superflua
465 3066 491 3112 et
503 3056 583 3111 ἄτοπα
634 3061 684 3113 uod
700 3062 809 3114 minime
859 3061 1038 3115 Melchisedeci
1050 3064 1172 3127 iactasse,
1190 3062 1273 3131 patris
1311 3083 1344 3120 er

251 3131 370 3184 Fabricio
383 3131 555 3182 observatum.
566 3078 706 3197 (daleardl
718 3130 767 3183 Pro
781 3133 810 3181 id
860 3132 949 3183 matris
961 3131 1084 3183 Astaroth
1096 3133 1136 3184 vel
1148 3131 1274 3184 Asteriae.
1311 3136 1378 3200 (F.)

252 3203 384 3251 assilientes
396 3198 519 3251 exustori
530 3198 595 3250 libro
604 3200 708 3268 reposui
718 3201 808 3250 adaeu-
894 3199 955 3268 Gap.
968 3200 1032 3251 Llll.
1046 3232 1078 3239 —
1096 3216 1119 3251 a.
1137 3200 1262 3252 insensati
1282 3204 1430 3261 cuiusdam

252 3273 352 3329 tientes,
364 3267 445 3319 intell.
457 3266 602 3336 pseudopro
622 3266 688 3320 hetis
701 3269 763 3320 suis.
860 3269 964 3320 nomine
981 3268 1068 3334 noeti]
1095 3268 1135 3320 lta
1151 3268 1278 3336 legendus
1297 3277 1328 3324 et
1346 3275 1429 3329 intor-

286 3337 310 3389 d.
327 3336 470 3387 immensus
481 3340 562 3403 pater,
573 3284 683 3388 taIisest
694 3336 808 3400 attilius,
860 3337 1015 3405 pungendus
1036 3338 1083 3389 iste
1104 3338 1189 3400 locus,
1210 3352 1273 3389 nam
1294 3339 1326 3393 in
1348 3344 1429 3397 editis

251 3406 312 3457 talis
325 3408 366 3456 est
378 3409 403 3456 et
414 3404 519 3472 spiritus
532 3406 565 3469 s]
583 3403 678 3456 lisdem
688 3405 742 3457 iere
754 3421 809 3458 vor·
860 3406 928 3457 male
940 3412 1007 3457 erat:
1022 3407 1095 3466 ,Alii
1106 3415 1187 3456 autem
1199 3405 1330 3461 Naeuam·
1342 3414 1429 3466 inma-

252 3475 292 3527 bis
305 3474 332 3525 in
344 3472 470 3542 Symbolo
482 3471 551 3542 quod
562 3489 686 3525 vocamus
695 3472 808 3525 Athana·
859 3478 918 3536 uati,
933 3477 1063 3525 erriusrloru
1076 3478 1171 3525 nortatus
1183 3474 1337 3529 Nodticm'J‘
1369 3482 1429 3535 ffl-

252 3544 367 3595 sianum:
393 3542 549 3606 „immensus
564 3550 654 3609 pater,
678 3545 809 3594 irameusua
858 3542 982 3595 nitestum
990 3559 1066 3612 porro
1079 3549 1119 3594 est
1127 3541 1207 3595 alludi
1218 3541 1251 3594 ad
1260 3542 1369 3610 Νοητοΰ
1380 3568 1428 3603 no·

246 3615 325 3681 filius,
338 3615 470 3662 immerraua
481 3612 586 3678 spiritus
597 3610 633 3661 a.''
668 3610 723 3676 (F.)
859 3628 927 3674 men,
940 3628 1002 3663 nam
1013 3615 1156 3662 irraeusatus
1174 3615 1214 3663 est
1231 3607 1350 3678 ἀνόητος.
1383 3618 1429 3673 sie

285 3681 323 3733 Ga
342 3678 450 3732 .LlI.-—
468 3693 491 3729 a.
506 3677 562 3743 alii]
579 3678 712 3730 Praesenti
724 3680 807 3748 capite
859 3697 905 3748 pro
917 3679 1033 3732 Cerdone
1045 3678 1127 3732 dictus
1141 3676 1258 3761 deripier,
1271 3698 1320 3750 pro
1334 3684 1428 3741 Euno-

251 3696 414 3802 Theodotum
425 3746 577 3815 trapezitam
588 3746 689 3799 videtur
700 3752 807 3816 tangere
858 3749 911 3800 mio
923 3750 1056 3812 Arruntius,
1062 3765 1115 3834 pro
1128 3748 1229 3817 Sibylla
1241 3746 1360 3823 αβυλλα,
1372 3760 1379 3799 r

250 3818 388 3881 Philaster,
412 3820 546 3868 auctorem
565 3813 807 3868 Melchisedeciauo-
858 3818 972 3870 Macerio
990 3814 1006 3867 ἀ
1026 3835 1137 3885 caspios,
1176 3834 1204 3869 ro
1216 3816 1342 3874 Eudoxio
1401 3842 1428 3879 o·

251 3882 808 4008 tharttttttlttttttnthir,lt
859 3834 1428 4017 hnuthzhhttllnn{liuh

252 4018 809 4144 {urrunnutrentenaires
859 3971 1428 4173 diculuscccccccccc·

1124 4132 1130 4156 t
1421 4139 1428 4153 ι

252 4166 354 4212 ternum
374 4159 517 4212 seeundum
538 4157 654 4210 ordinem
673 4157 809 4210 Melchise-
859 4109 1027 4239 llippolytus,
1048 4177 1120 4213 curus
1137 4160 1261 4229 scriptum
1275 4160 1384 4220 Graece
1401 4176 1429 4221 et

253 4226 325 4291 dech,
342 4227 497 4280 etChriatoa
515 4233 578 4296 agat
592 4243 639 4307 pro
652 4227 809 4291 homiuibus,
860 4227 950 4280 Latrne
968 4227 1047 4281 hahes
1064 4235 1135 4281 tomo
1153 4229 1328 4298 posterioreo
1366 4252 1429 4291 rom

253 4294 578 4366 deprecatoretadvocatus
590 4295 809 4364 ipsorumiaetus‚
861 4297 943 4349 sancti
959 4298 1092 4366 martyris,
1110 4314 1192 4367 nuper
1209 4314 1226 4349 a
1242 4313 1286 4351 me
1298 4250 1428 4374 uulgata

252 4362 441 4419 Melchisedech
451 4364 585 4434 iaciatpro
595 4365 750 4418 caelestibus
762 4380 811 4417 au·
861 4381 925 4417 rum.
960 4365 1018 4431 (F.)

252 4432 557 4503 gehsatquerirtutibus.
570 4432 633 4486 Vide
642 4434 810 4514 appendicem
895 4434 919 4486 b.
931 4435 1032 4488 Heliam
1038 4435 1203 4506 prophetam]
1215 4433 1271 4488 lmo
1277 4435 1429 4499 monem.

253 4502 286 4554 ad
303 4500 491 4555 Tertullianum
507 4500 539 4553 de
556 4500 706 4571 Praescnpt
725 4503 809 4572 capite
860 4502 888 4554 S.
905 4503 1059 4625 hippolytus
1077 4523 1101 4574 p.
1114 4505 1137 4557 6.
1156 4505 1187 4557 de
1204 4503 1304 4559 Noites
1333 4505 1428 4575 ,οὗτος

253 4570 333 4623 ulan
352 4567 485 4638 iphanium
500 4575 527 4621 et
542 4570 732 4624 Damaaeeuum
749 4570 809 4624 hae·
860 4567 941 4641 ἔλεγεν
965 4574 1038 4624 αυτὸν
1048 4566 1232 4641 rivoaltensis,
1242 4571 1283 4624 aul
1292 4573 1340 4629 rhu
1349 4575 1428 4635 ἆδιλ.

253 4639 305 4693 rasi
315 4587 357 4693 55.
374 4637 809 4709 AugustiuumethuctoremPrae·
861 4639 906 4709 pha
924 4641 1000 4695 αὐτοῦ
1016 4639 1134 4712 Ἀαρών.”
1157 4641 1256 4697 Eadem
1272 4658 1310 4700 ex
1320 4646 1428 4723 Ilippo.
