3046 5124
448 361 808 407 amramvamuaouaaa
820 361 975 405 massas
1233 363 1295 431 275

126 520 220 585 terris
239 517 400 585 redditum
419 518 561 604 exemplo
584 525 758 584 ceterorum
778 525 974 585 excresceret
994 524 1026 583 et
1040 517 1250 585 effunderetur
1264 524 1296 584 et

126 626 231 687 totum
245 621 355 687 orbem
369 627 401 685 et
415 621 560 706 impleret
580 628 612 686 et
626 628 802 707 occuparet.
838 622 885 687 De
901 622 1024 686 Christo
1039 628 1146 687 autem
1160 622 1206 687 sio
1221 643 1294 688 seu·

125 726 223 806 tiunt,
235 731 270 789 ut
278 724 386 790 dicant
396 723 486 788 illum
493 725 709 789 tantummodo
719 725 795 790 Seth
808 731 840 788 et
845 746 901 810 pro
909 727 977 810 ipso
987 724 1064 790 Seth
1075 727 1179 810 ipsum
1186 725 1293 791 luisse.

192 827 397 913 Carpocrates
412 834 575 913 praeterea
589 826 670 892 haue
686 826 759 890 tulit
773 832 907 893 sectam:
927 827 1032 893 Unam
1052 848 1121 892 esso
1137 828 1215 893 dicit
1228 831 1293 893 vir·
1312 847 1363 899 cre.
1376 847 1412 889 rx.

125 935 240 1012 tutem,
255 932 288 995 in
303 929 516 1016 superioribus
531 929 753 1015 principalem,
774 950 813 993 ex
834 929 892 996 hae
907 929 1043 1016 prolatos
1059 931 1186 1013 angelos
1201 937 1293 1016 atque

125 1034 277 1116 rutatos,
298 1053 377 1118 quos
398 1033 551 1119 distantes
571 1032 662 1115 longe
683 1054 703 1095 a
724 1031 937 1117 superioribus
956 1033 1126 1100 virtutibus
1140 1033 1293 1100 muudum

124 1136 225 1201 iatum
237 1135 273 1199 in
287 1135 486 1200 interioribus
501 1136 644 1220 partibus
660 1134 851 1199 condidisse:
868 1135 1026 1201 Christum
1040 1158 1104 1202 non
1119 1157 1158 1201 ex
1172 1140 1292 1221 virgine

124 1236 356 1319 ldarianatum,
367 1238 425 1302 sed
436 1258 474 1301 ex
486 1240 606 1302 semine
617 1236 731 1322 loseph
741 1236 902 1303 hominem
912 1239 1129 1305 tantummodo
1141 1242 1293 1323 genitum,

125 1360 202 1405 saue
217 1361 294 1426 prae
309 1343 421 1405 ceteris
435 1342 572 1403 iustitiae
589 1339 689 1420 cultu,
709 1341 792 1403 ritae
812 1341 990 1423 integritate
1010 1341 1189 1421 meliorem;
1209 1341 1292 1407 hunc

124 1443 212 1530 apud
226 1443 359 1509 Iudaeos
374 1463 518 1528 passum,
534 1442 634 1507 solam
648 1444 786 1507 aniruam
800 1445 900 1527 ipsius
915 1445 948 1508 in
964 1443 1050 1510 caelo
1065 1452 1240 1530 receptam,
1256 1465 1292 1510 eo

125 1545 210 1631 quod
231 1551 264 1609 et
284 1546 401 1610 tirmior
421 1550 453 1609 et
467 1545 625 1609 robustior
640 1545 753 1618 ceteris
770 1546 877 1625 luerit3
899 1566 938 1611 ex
954 1568 1013 1631 quo
1031 1546 1222 1632 ¹colligeret,
1242 1571 1292 1612 re-

124 1652 249 1713 tentata
263 1648 439 1713 animarum
454 1647 521 1712 sola
536 1647 646 1728 salute,
661 1647 763 1711 nullas
780 1650 916 1734 corporis
929 1652 1184 1716 resurrectiones.

188 1750 266 1817 Post
279 1749 363 1815 huuc
380 1750 546 1816 Corinthus
561 1750 737 1815 haereticus
753 1754 866 1836 erupit,
881 1751 997 1816 similia
1011 1753 1136 1818 docens.
1164 1753 1245 1819 Nam
1260 1761 1292 1819 et
1310 1773 1360 1826 cap.
1372 1771 1397 1813 r.

123 1854 193 1940 ipae
207 1853 362 1918 mundum
377 1854 556 1918 institutum
572 1874 640 1917 esse
655 1852 770 1917 abillis
783 1852 873 1931 dicit3
889 1854 1047 1920 Christum
1059 1877 1098 1921 ex
1109 1860 1229 1922 semine
1240 1859 1290 1924 lo·

125 1954 205 2043 seph
220 1963 331 2021 natum
344 1959 504 2042 proponit,
524 1957 683 2020 hominem
703 1955 792 2021 illum
812 1957 1027 2022 tantummodo
1043 1961 1110 2022 sine
1127 1960 1290 2026 divinitate

125 2057 333 2142 contendens,
347 2062 449 2145 ipsam
465 2055 587 2144 quoqne
603 2059 703 2141 legem
718 2057 758 2123 ab
773 2058 892 2141 angelis
908 2059 1015 2124 datm
1033 2061 1217 2146 perhibens,
1238 2064 1290 2128 Iu·

125 2160 275 2229 daecrum
291 2161 385 2226 deum
399 2183 462 2226 non
477 2162 649 2242 dominum,
665 2160 720 2225 sed
735 2160 881 2244 angelum
896 2183 1051 2246 promens.

188 2265 290 2331 Huius
306 2285 468 2329 successor
478 2264 578 2329 Ebion
592 2264 662 2345 fuit,
678 2264 823 2328 Cerintho
839 2285 901 2328 non
913 2266 946 2327 in
958 2267 1044 2331 omni
1055 2274 1143 2352 parte
1156 2288 1290 2335 cousen-
1308 2286 1360 2336 cu·
1373 2285 1410 2326 ¹1·

123 2369 225 2450 tiens,
245 2366 329 2451 quod
349 2368 440 2432 adeo
461 2367 546 2431 dieat
559 2366 728 2449 muudum,
747 2387 811 2431 non
826 2364 866 2430 ab
881 2367 1000 2450 angelis
1014 2369 1147 2452 factum,
1168 2377 1199 2434 et
1218 2374 1291 2455 quia

124 2472 280 2556 scriptum
295 2472 347 2553 sit,
363 2470 478 2535 ¹Nemo
494 2469 666 2554 discipulus
682 2490 775 2554 super
789 2471 984 2551 magistrum,
999 2492 1057 2537 nec
1073 2493 1183 2539 servus
1198 2495 1290 2559 super

124 2570 306 2656 domiuum,
320 2572 421 2657 legem
437 2575 531 2637 etiam
545 2575 702 2658 proponit,
718 2571 840 2638 scilicet
853 2572 893 2636 ad
909 2573 1139 2640 excludendum
1155 2598 1288 2661 evange·

123 2674 203 2741 lium
218 2682 250 2740 et
263 2676 488 2742 uudieandum
502 2676 706 2741 Iudaismum.

189 2778 376 2843 Valentinus
388 2786 493 2843 autem
504 2779 679 2843 haereticus
690 2777 805 2843 multas
817 2778 991 2844 introduxit
1001 2781 1133 2847 fabulas.
1156 2783 1220 2847 Has
1232 2804 1288 2867 ego
1308 2799 1358 2852 σιμ.
1371 2799 1418 2840 m

124 2881 353 2948 circumcidens
370 2882 507 2946 brevitor
522 2881 695 2967 expediam.
719 2881 894 2945 lntroducit
908 2884 992 2947 enim
1007 2882 1150 2949 Pleroma
1164 2893 1196 2949 et
1206 2887 1289 2953 Aeo·

124 3006 181 3049 nas
196 2986 341 3068 triginta3
358 2987 486 3070 exponit
501 2991 605 3048 autem
620 2985 677 3048 hos
693 3004 748 3069 per
763 2986 920 3067 syzygiae,
941 2985 973 3049 id
993 2992 1042 3050 est
1056 2990 1289 3071 coniugationes

124 3087 287 3173 quasdam.
323 3088 404 3153 Nam
424 3087 501 3151 dicit
521 3089 554 3150 in
574 3089 683 3172 primis
704 3107 773 3150 ease
789 3087 912 3169 Bython
933 3095 964 3150 et
979 3088 1160 3173 Silentium,
1181 3113 1219 3156 ex
1238 3093 1289 3158 his

124 3192 331 3277 ¹processisae
346 3192 485 3255 Mentem
501 3197 532 3253 et
547 3189 734 3270 Veritatem,
755 3210 793 3252 ox
814 3189 927 3273 quibus
947 3193 1087 3277 erupisse
1102 3194 1239 3260 Verbum
1258 3202 1290 3260 et

122 3293 239 3375 Vitam,
252 3291 290 3358 de
303 3293 415 3376 quibus
426 3314 550 3357 rursum
563 3299 702 3355 creatum
710 3292 877 3356 Hominem
884 3298 916 3356 et
925 3293 1108 3360 Ecclesiam.
1130 3296 1289 3364 Sedenim

121 3416 164 3462 ex
177 3395 228 3461 his
243 3415 364 3480 quoque
380 3398 571 3481 processisse
587 3394 751 3460 duodecim
765 3395 901 3477 Aeonas,
916 3395 955 3460 de
972 3396 1122 3465 Sermone
1137 3406 1242 3465 autem
1257 3409 1289 3465 ot

123 3498 198 3564 Vita
210 3499 336 3563 Aeonas
351 3498 428 3563 alios
444 3498 568 3562 decem:
585 3497 665 3562 hanc
681 3519 750 3563 esse
764 3499 909 3563 Aeonum
923 3502 1136 3583 triacontada,
1158 3524 1236 3587 quae
1252 3504 1288 3568 fit

122 3603 158 3667 iu
171 3601 347 3668 Pleromate
364 3623 403 3665 ex
418 3601 555 3683 ogdoade
572 3609 603 3666 et
616 3600 733 3665 decade
748 3623 784 3666 ac
798 3601 988 3667 duodecade.
1011 3604 1220 3670 Tricesimum
1230 3627 1285 3670 au-

121 3711 189 3771 tom
202 3704 344 3769 Aeonem
363 3704 486 3788 Bython
508 3705 596 3769 illum
616 3704 722 3769 videre
741 3704 877 3770 voluisse
899 3712 931 3770 et
949 3705 989 3770 ad
1008 3705 1179 3772 videndum
1197 3707 1286 3773 illum

121 3829 236 3874 ausum
256 3828 325 3872 esse
347 3810 380 3871 in
400 3810 560 3892 superiora
580 3808 806 3889 conscendore,
827 3815 859 3872 et
878 3811 1025 3893 quoniam
1040 3808 1080 3873 ad
1095 3810 1286 3892 magnitudi-

122 3932 197 3978 nem
210 3913 311 3997 ipsius
325 3911 493 3975 videndam
509 3932 607 3996 capax
622 3932 685 3975 non
700 3911 774 3993 luit,
789 3913 823 3974 in
839 3911 1013 3976 defectione
1028 3911 1124 3975 luisse
1141 3919 1172 3975 et
1185 3934 1285 3997 paone

122 4012 311 4081 dissolutum
332 4033 417 4094 esso,
439 4016 499 4077 nisi
520 4012 591 4097 ²qui
609 4015 725 4078 missus
746 4013 786 4077 ad
802 4013 1087 4079 constabiliendum
1106 4014 1211 4098 illum,
1231 4015 1285 4082 ille

122 4136 218 4205 quam
237 4115 374 4203 appellat
393 4116 514 4199 Horon,
541 4116 756 4181 confirmasset
775 4115 862 4180 illum
881 4114 981 4180 ³dicto
1001 4115 1054 4181 Iao
1074 4121 1284 4202 pronuntiato.

190 4303 228 4359 Ga
248 4346 254 4359 .
265 4300 313 4357 IX.
326 4332 359 4343 —
378 4303 400 4355 l.
419 4302 497 4370 Vulqo
510 4301 650 4370 colligeret,
662 4308 769 4356 tentata.
797 4302 881 4355 Utitur
891 4303 965 4355 aerbo
978 4308 1104 4358 retentare
1112 4323 1163 4375 pro
1174 4307 1284 4360 retinere

120 4378 198 4427 mear
234 4374 401 4427 mediceae
414 4372 533 4439 Dopmal.
549 4369 645 4423 Boules.
658 4390 716 4440 cap.
727 4371 769 4423 31.
783 4371 850 4434 (dd).

189 4438 360 4513 oapxu—
378 4438 504 4493 laath.
517 4439 552 4492 X.
565 4437 606 4492 24.
635 4437 806 4494 naeveth.
835 4436 974 4495 lthIlI.
990 4440 1028 4493 16.

190 4506 228 4565 0⁸
247 4508 323 4565 .XIl.
334 4540 368 4549 —
387 4508 409 4560 l.
423 4509 466 4560 Ita
478 4508 547 4558 Petr.
561 4505 720 4562 Ciaccoaiua.
748 4507 826 4559 Libri
836 4507 930 4559 habent
939 4510 1099 4579 processisse
1110 4525 1199 4565 semen
1211 4513 1283 4568 Mau·

120 4586 184 4635 tam.
213 4526 445 4632 {Balsama
474 4576 609 4628 labrorum
621 4593 688 4645 para
700 4577 762 4646 quia
771 4576 876 4641 missus,
905 4579 1157 4648 oraquiamiaieset.
1202 4581 1227 4635 3.
1240 4583 1284 4634 Ita

120 4648 248 4718 rescripsi
257 4662 309 4717 pa
324 4648 392 4716 aaa.
404 4644 472 4700 dicto
488 4640 536 4700 hoc
553 4644 723 4715 pronuntiato
740 4645 861 4714 appellat.
915 4651 972 4701 tum
990 4658 1046 4702 een.
1070 4649 1222 4705 Vocabulum
1238 4650 1283 4705 lac

1034 4733 1082 4788 18·
