3046 5124
300 372 362 439 202
802 368 955 413 aueusruu

300 528 472 612 perlectum
487 533 542 590 est.
570 527 637 591 lloe
652 532 757 591 autem
771 527 947 612 perfeetum
961 529 994 590 in
1008 526 1194 592 Montanum
1208 534 1241 590 et
1256 529 1290 590 in
1307 521 1376 590 elus
1391 547 1462 610 pro·

299 631 454 716 phetissas
469 633 593 693 vonisse
609 629 751 693 delirant.
775 629 977 695 Sacramenta
987 628 1191 714 perhibentur
1201 629 1317 694 habere
1329 628 1462 692 funesta

299 733 379 798 Nem
393 733 431 796 de
446 733 575 797 infantis
592 733 730 795 anniculi
747 736 915 815 sanguine,
931 753 1024 816 quem
1039 732 1077 795 de
1093 738 1158 796 toto
1175 735 1242 795 eius
1257 753 1389 816 corpore
1405 734 1463 795 mi·

299 838 383 899 nutis
398 838 603 921 punctionum
618 833 800 898 vulneribus
816 840 1012 918 extorquent,
1029 837 1119 918 quasi
1135 834 1359 898 eucharistiam
1376 855 1463 898 suam

301 939 451 1002 conficere
466 936 685 1022 perhibentur,
705 937 875 1000 miscentes
891 958 962 1000 eum
977 937 1112 1018 farinae,
1132 957 1309 1021 panemque
1324 936 1401 1001 inde
1416 936 1462 999 fa·

300 1043 432 1104 cientes:
448 1041 501 1123 qui
515 1060 593 1124 puer
608 1040 635 1103 si
646 1045 786 1102 mortuus
799 1040 902 1120 suerit,
917 1038 1049 1104 habetur
1061 1038 1144 1124 apud
1156 1060 1210 1103 eos
1225 1038 1300 1125 ²pro
1313 1045 1461 1122 martyre,

299 1146 325 1206 si
341 1150 446 1206 autem
460 1145 583 1223 vixerit,
598 1162 779 1227 promagno
796 1141 970 1206 sacerdote.

132 1259 182 1310 cnr·
195 1260 281 1300 ΚΜ·
362 1246 548 1329 ¹Pepuziani
568 1243 668 1308 aloco
683 1244 818 1327 quedam
832 1244 986 1307 nominati
1001 1249 1089 1324 sunt,
1110 1263 1203 1327 quam
1224 1245 1390 1308 civitatem
1408 1242 1461 1307 de·

299 1354 414 1411 sertam
429 1347 505 1411 dicit
519 1346 720 1431 Epiphanius.
743 1346 831 1410 Hanc
848 1352 952 1411 autem
967 1348 1020 1410 isti
1036 1346 1177 1410 divinum
1192 1345 1311 1429 aliquid
1327 1367 1399 1410 esse
1414 1368 1461 1409 ar·

300 1451 450 1515 bitrantes
466 1448 661 1513 Hierusalem
676 1454 805 1526 vocant3
827 1455 951 1512 tantum
970 1448 1081 1512 danms
1101 1447 1286 1512 mulieribus
1302 1450 1462 1534 principa·

299 1560 375 1633 tum,
391 1559 426 1616 ut
440 1551 611 1616 sacerdotio
624 1570 745 1635 quoque
758 1551 841 1635 apud
853 1572 905 1615 eos
917 1551 1118 1615 honorentur.
1141 1537 1259 1615 Dicunt
1271 1553 1354 1615 enim
1366 1552 1462 1628 Quin·

298 1655 382 1720 tillae
399 1660 431 1718 ot
445 1653 604 1718 Priscillae
620 1656 653 1716 in
669 1653 777 1717 eadem
793 1656 919 1717 civitate
934 1655 1058 1739 Pepuua
1073 1653 1232 1718 Christum
1249 1656 1356 1738 specie
1372 1655 1461 1718 femi·

298 1779 356 1822 nae
373 1757 557 1833 revelatum3
578 1756 661 1820 unde
682 1755 721 1818 ab
737 1755 795 1819 hac
812 1755 1006 1833 Quintilliani
1022 1758 1117 1819 etiam
1132 1762 1366 1841 nuncupantur.
1403 1756 1461 1821 Fa·

299 1863 386 1924 ciunt
401 1867 431 1923 et
445 1861 506 1944 ipsi
523 1858 559 1922 de
576 1861 726 1940 sanguine
742 1859 872 1922 infantis
893 1858 976 1942 quod
991 1856 1222 1943 ²Cataphrygas
1243 1860 1348 1923 lacere
1370 1878 1463 1943 supra

299 1963 444 2028 diximus.
472 1962 552 2025 Nam
568 1966 600 2023 et
614 1962 653 2025 ab
669 1963 715 2024 eis
729 1961 934 2045 perhibentur
950 1963 1058 2025 exorti.
1081 1961 1225 2044 Denique
1240 1961 1295 2025 alii
1309 1961 1392 2025 hanc
1403 1961 1462 2025 Pe·

297 2087 409 2152 puram
424 2086 487 2130 non
503 2085 571 2128 esse
587 2067 756 2145 civitatem,
771 2063 827 2127 sed
841 2063 947 2126 villam
959 2063 1068 2126 dieunt
1082 2064 1178 2127 luisse
1190 2063 1333 2128 Montani
1345 2071 1379 2127 et
1388 2085 1460 2148 pro·

297 2170 507 2256 phetissarum
522 2169 589 2231 eius
604 2167 730 2232 Priscae
746 2174 777 2229 et
790 2165 997 2246 Maximillae,
1017 2171 1051 2229 et
1064 2168 1137 2250 quia
1152 2165 1195 2230 ibi
1209 2168 1376 2248 vixerunt,
1394 2165 1461 2230 ideo

298 2273 399 2337 locum
415 2272 565 2335 meruisse
582 2269 732 2354 appellari
746 2267 952 2333 Hierusalem.

117 2387 168 2440 cu·
182 2388 280 2430 xxvm·
360 2375 550 2457 Artotyritae
567 2379 640 2435 sunt
662 2372 774 2456 quibus
791 2370 905 2436 oblatio
922 2392 1028 2435 eorum
1042 2371 1102 2436 hoe
1118 2392 1232 2437 nomen
1248 2371 1347 2436 dedit.
1379 2371 1461 2437 ore-

297 2483 370 2543 runt
385 2478 469 2540 enim
483 2495 597 2559 panem
612 2481 645 2538 et
660 2495 800 2556 caseum,
816 2473 957 2537 dicentes
972 2495 991 2536 a
1006 2477 1116 2558 primis
1132 2474 1314 2540 hominibus
1329 2474 1461 2540 oblatio·

297 2601 353 2644 nes
369 2579 406 2643 de
423 2577 576 2642 fructibus
592 2585 693 2641 terrae
710 2583 741 2641 et
756 2579 861 2642 ovium
875 2577 971 2641 luisse
988 2576 1170 2641 celebratas.
1193 2578 1259 2642 Hes
1274 2578 1462 2662 Pepuzianis

297 2685 397 2764 iungit
411 2681 613 2766 Epiphanius

146 2801 280 2850 car-xllx·
361 2783 827 2849 Thessarescaedecatitaehinc
840 2782 1460 2869 appellatisunt,quednonnisiquarta·

298 2888 420 2951 decima
436 2887 543 2970 ¹luna,
563 2886 683 2951 Pascha
699 2886 872 2968 celebrant,
894 2886 1025 2970 quilibet
1044 2893 1165 2972 septem
1180 2886 1303 2951 dierum
1318 2893 1462 2952 occurrat

297 2990 374 3071 dies,
390 2992 463 3052 etsi
479 2990 546 3053 dies
563 2989 736 3054 dominicus
752 2991 931 3071 occurrerit,
946 2992 1013 3076 ipso
1030 2989 1080 3053 die
1095 2992 1238 3053 ieiunant
1252 2997 1285 3053 et
1299 2991 1440 3073 vigilant

150 3110 200 3163 cap.
215 3110 279 3150 xxx.
361 3093 468 3174 ¹Al0gi
483 3097 648 3177 propterea
661 3095 706 3157 sic
719 3099 870 3157 vocantur
880 3099 1031 3175 tanquam
1042 3095 1109 3156 sine
1121 3093 1215 3156 verbo
1234 3099 1353 3169 (ΛΟΓΟΣ
1377 3097 1461 3159 enirn

298 3195 414 3261 Graece
425 3195 556 3258 verbum
568 3194 707 3278 dieitur),
723 3197 796 3280 quia
811 3195 904 3259 deum
915 3195 1047 3259 verbum
1064 3197 1201 3280 recipere
1214 3195 1397 3280 noluerunt,
1410 3197 1460 3261 Io·

296 3300 410 3363 hannis
430 3297 633 3381 Evangelium
655 3304 852 3384 respuentes3
874 3301 962 3362 cuius
982 3319 1041 3363 nec
1056 3297 1269 3384 Apocalypsin
1285 3301 1461 3386 accipiunt,

296 3402 353 3467 has
368 3401 515 3466 videlicet
530 3404 699 3487 scripturas
714 3406 864 3484 negantes
880 3422 948 3464 esse
965 3403 1072 3485 ipsius.

141 3523 191 3577 cap·
205 3523 278 3564 xxm.
359 3505 527 3570 Adamiani
546 3525 585 3568 ex
603 3504 706 3569 Adam
726 3503 816 3587 dicti,
836 3505 925 3568 cuius
947 3505 1111 3569 imitantur
1125 3506 1158 3568 in
1173 3504 1318 3591 paradiso
1334 3505 1460 3573 nudita-

296 3614 377 3691 tem,
396 3629 475 3693 quae
490 3607 550 3671 luit
564 3614 636 3671 ante
652 3615 825 3693 peecatum.
862 3605 953 3672 Unde
974 3612 1006 3670 et
1025 3608 1151 3692 nuptias
1166 3613 1369 3692 aversantur,
1389 3612 1463 3695 quia

297 3733 355 3777 nec
371 3713 458 3798 prius
475 3731 568 3796 quam
582 3716 745 3796 peccasset
759 3710 871 3792 Adam,
886 3729 945 3774 nec
959 3711 1154 3796 priusquam
1165 3708 1314 3775 dimissus
1326 3719 1414 3777 esset
1424 3713 1461 3778 de

348 3915 372 3971 2.
391 3915 528 3968 colbertini
549 3916 649 3969 codices
670 3915 718 3966 deo
735 3922 761 3966 et
775 3930 838 3965 anea
854 3931 868 3967 e
891 3914 1082 3984 Vasconepro
1094 3916 1463 3984 magnomarty1038iautem

296 3984 399 4050 uixerit,
411 4002 457 4054 pro
467 4000 569 4036 summo
581 3982 722 4036 sacerdote.
745 3983 803 4034 Alii
820 3982 943 4035 Vaticani
958 4001 1013 4034 eam
1030 3986 1203 4053 antiquissime
1213 3982 1391 4048 Flerr'eeenei,
1410 4004 1464 4038 eun

299 4052 486 4106 Baeteroeenei
497 4062 542 4106 etc.
554 4068 601 4120 pro
614 4057 740 4120 martyre3
752 4053 775 4112 si
786 4057 874 4104 autem
884 4052 987 4116 vixerit,
998 4067 1044 4120 pro
1056 4052 1173 4104 maximo
1185 4051 1329 4108 sacerdote.
1346 4052 1463 4107 Michae-

298 4122 364 4173 linee
375 4121 430 4175 MS.
442 4138 488 4190 pro
501 4121 583 4191 primo
597 4120 736 4173 sacerdote.
766 4119 887 4190 (Benedl

367 4206 428 4275 Cap.
441 4206 550 4258 XXVII.
563 4237 596 4245 —
624 4207 815 4257 bloomesburi
827 4224 878 4275 pre
897 4204 994 4258 eMss.
1006 4203 1041 4257 Pe
1060 4204 1161 4270 udlanl3
1177 4208 1285 4275 etiafra
1295 4224 1350 4277 pre
1360 4206 1463 4278 Pepuzt

299 4283 443 4326 constanter
454 4279 577 4342 scriptum
589 4283 626 4326 est
636 4274 670 4326 Pe
690 4274 757 4327 udia.
787 4224 909 4342 (Benedl
943 4273 1003 4326 Non
1021 4222 1098 4326 allier
1104 4277 1206 4344 poesim
1216 4278 1325 4327 eadent
1333 4280 1363 4328 io
1374 4280 1462 4329 veteri·

299 4345 343 4395 teo
355 4344 428 4394 libris
440 4342 557 4395 diabolus
570 4353 594 4394 er
604 4292 721 4407 zabulus,
733 4343 858 4395 diaconus
870 4351 895 4393 et
904 4358 1016 4395 zaconus
1029 4343 1128 4395 atalia.
1180 4341 1205 4397 2.
1217 4343 1263 4395 Ite
1273 4342 1350 4401 MSS.
1362 4345 1462 4399 rnatu

298 4416 362 4482 ipsis
376 4411 546 4462 Berredictinia
558 4413 701 4475 editoribus,
714 4416 756 4479 qui
768 4429 823 4462 cem
835 4412 938 4478 reliquia
947 4415 1105 4462 retinuerant
1114 4408 1302 4483 cataphryges.

367 4496 429 4566 Cap.
441 4495 542 4550 XXIX.
554 4527 587 4535 -
607 4499 628 4550 1.
640 4497 714 4564 luna]
732 4497 808 4549 Edita·
818 4497 860 4549 ra
872 4498 971 4548 addent
981 4512 1070 4549 meuse
1081 4492 1184 4551 Martie}
1209 4495 1334 4568 (Bened.)

367 4582 576 4651 capxxn-
608 4583 628 4636 l.
647 4584 679 4634 In
695 4585 769 4634 editis
785 4581 914 4650 Aloglani.
944 4582 1131 4634 destituendum
1149 4581 1265 4638 eaMSS.
1292 4584 1458 4657 Aleghqu'u

302 4653 411 4704 Graecia
422 4650 648 4722 deereeioqrophr'a
659 4653 777 4703 diruatur
787 4647 899 4720 'hieros
932 4649 1052 4720 (Benedl
