3046 5124
469 349 954 395 naaooansrasrrcranoouarraus.
1233 354 1295 421 339

129 524 297 590 corporeus
312 505 460 587 ereditur,
477 508 550 590 quia
563 508 680 591 ubique
696 514 745 571 est
759 515 791 571 ot
801 507 1024 592 omniaimplet
1034 513 1128 591 atque
1140 511 1295 575 constrin-

129 609 191 689 git:
207 607 257 670 ³et
272 607 341 672 ideo
356 609 526 673 invisibilis
541 611 687 674 omnibus
704 612 865 692 creaturis,
881 613 954 693 quia
968 610 1168 695 incorporeus
1184 618 1241 676 eet.

194 710 345 775 Creatura
363 715 465 776 omnis
486 732 634 797 corporea
654 719 716 792 est,
736 713 838 795 angeli
859 718 891 775 et
905 733 1013 778 ornnes
1029 713 1181 778 caelestes
1195 716 1294 778 virtn-
1314 731 1365 783 cap.
1378 732 1424 773 rra

128 817 179 877 tes
194 812 388 898 ¹corpercac,
403 814 477 877 licet
491 835 555 879 non
570 835 663 879 carne
679 815 861 879 subsistant.
898 815 945 879 Ex
959 835 994 879 eo
1010 822 1115 880 autem
1131 837 1295 900 corporeas

128 933 200 983 ease
215 915 373 981 credimus
387 917 618 983 intellectuales
635 924 811 997 creaturas,
833 916 916 999 quod
934 917 1075 981 localiter
1097 920 1294 983 circumscri-

129 1015 258 1099 buntur,
274 1020 356 1082 sicut
371 1025 403 1081 ot
417 1021 521 1083 anima
536 1018 705 1100 ²humaua,
722 1041 800 1103 quae
817 1040 910 1083 carne
927 1019 1098 1102 clauditur,
1119 1027 1152 1085 et
1167 1021 1293 1087 daemo-

128 1138 198 1201 nes,
214 1122 267 1202 qni
281 1142 338 1205 per
353 1121 562 1185 substantiam
578 1123 737 1203 angelicae
753 1128 883 1185 naturae
900 1127 982 1187 sunt.

193 1222 390 1287 Immortales
406 1244 475 1288 esse
488 1224 643 1287 credimus
655 1222 886 1287 intellectuales
896 1232 1035 1307 naturae,
1051 1225 1124 1308 quia
1136 1247 1229 1289 carne
1241 1248 1293 1291 ca·
1312 1251 1362 1303 cap.
1377 1254 1433 1293 xm

127 1330 202 1388 rent
214 1344 273 1388 nec
288 1325 405 1389 habent
420 1347 479 1410 quo
495 1325 623 1406 cedant,
639 1332 674 1388 ut
687 1326 914 1390 resurrectione
930 1333 1042 1409 egeant
1057 1328 1146 1413 ¹post
1159 1319 1293 1393 ruinam.

193 1427 324 1491 Animas
339 1428 501 1492 hominum
516 1448 579 1491 non
595 1448 664 1491 csse
679 1428 719 1490 ab
735 1429 823 1492 initio
838 1431 921 1492 inter
933 1435 1053 1493 ceteras
1065 1431 1293 1495 intellectuales
1311 1457 1361 1508 cap.
1375 1459 1430 1499 xrr.

127 1535 268 1610 naturas,
283 1551 341 1594 nec
357 1530 451 1594 simul
467 1536 597 1610 creatae,
612 1530 696 1594 sieut
711 1530 860 1613 Origenes
873 1531 973 1613 tingit,
988 1552 1089 1615 neque
1102 1554 1174 1598 cum
1185 1555 1293 1618 corpo·

128 1631 219 1697 ribus
233 1653 289 1717 per
309 1632 425 1697 coitum
445 1633 647 1712 ¹sominatas,
669 1634 752 1696 sicut
764 1632 971 1715 Luciferiani,
995 1634 1128 1716 Cyrillus
1148 1641 1179 1698 ot
1198 1636 1293 1721 aliqui

126 1732 309 1799 Latinorum
324 1741 574 1819 praesumptores
590 1735 758 1816 affirmant,
775 1735 864 1819 quasi
879 1741 1007 1800 naturae
1020 1735 1294 1821 ²consequentiam

126 1842 299 1905 servantes.
322 1837 385 1903 Sed
400 1837 533 1901 dicimus
550 1839 740 1901 creationem
755 1840 878 1902 animae
894 1839 995 1903 solnm
1010 1845 1181 1905 creatorem
1193 1844 1293 1906 omni-

126 1958 181 2001 um
200 1959 308 2019 nosse,
330 1946 362 2003 et
381 1960 493 2024 corpus
516 1945 638 2002 tantum
659 1960 715 2024 per
736 1943 871 2022 coniugii
893 1941 1036 2025 copulam
1056 1945 1221 2025 seminari,
1243 1944 1294 2008 dci

126 2041 330 2107 eamindicio
347 2041 501 2124 coagulari
517 2044 550 2105 in
567 2042 658 2105 vulva
674 2048 705 2105 et
721 2043 877 2127 compingi
896 2050 989 2126 atque
1008 2045 1150 2127 formari,
1172 2068 1209 2109 ac
1230 2047 1292 2110 lor·

125 2151 210 2215 mato
226 2146 290 2208 iam
305 2129 432 2229 corpore
448 2146 586 2207 animam
602 2147 701 2208 creari
717 2152 748 2208 et
761 2143 898 2225 infundi,
913 2153 948 2209 ut
959 2148 1044 2210 vivat
1054 2149 1089 2210 in
1099 2154 1186 2213 utero
1199 2147 1291 2212 homo

126 2266 165 2310 cx
178 2246 286 2311 anima
301 2254 448 2311 constans
465 2253 496 2310 et
511 2268 655 2331 corpore,
676 2254 707 2310 et
722 2247 899 2330 egrediatur
919 2250 1007 2312 vivus
1024 2270 1063 2313 ex
1077 2256 1164 2315 utero
1180 2250 1290 2335 plenus

124 2346 264 2413 humana
278 2349 463 2415 substantia.

187 2450 298 2534 Neque
314 2452 392 2516 duas
407 2455 528 2516 animas
544 2473 613 2516 esso
631 2453 765 2517 dicimus
780 2456 813 2516 in
829 2475 889 2519 uno
905 2454 1047 2536 homino,
1063 2458 1146 2519 sicut
1159 2455 1291 2520 lacobus
1309 2483 1360 2534 rap.
1373 2485 1417 2525 xv.

124 2558 158 2617 et
171 2552 227 2617 alii
243 2551 408 2637 ¹Syrorum
424 2555 583 2637 scribunt,
603 2577 698 2621 unam
719 2555 902 2638 animalem,
923 2578 983 2640 qua
1003 2560 1158 2622 animetur
1179 2580 1290 2643 corpus

124 2662 156 2720 et
169 2658 315 2720 immixta
330 2661 370 2721 sit
385 2661 547 2741 sanguini,
563 2665 595 2722 et
608 2660 739 2724 alteram
754 2658 945 2744 spiritalem,
966 2681 1044 2742 quae
1060 2663 1214 2725 rationem
1229 2664 1289 2725 mi·

124 2760 253 2823 nistretr
277 2759 333 2824 sed
356 2761 488 2825 dicimus
510 2782 606 2826 unam
629 2784 697 2826 osse
721 2762 913 2845 eandemque
937 2765 1074 2827 animam
1096 2767 1130 2828 in
1151 2764 1289 2846 homino,

125 2881 206 2946 quae
223 2869 255 2926 et
270 2885 381 2947 corpus
397 2885 454 2928 sua
473 2866 623 2929 societate
644 2865 796 2946 vivificet,
818 2871 850 2927 et
870 2868 1073 2950 semetipsam
1093 2888 1150 2930 sua
1168 2867 1288 2931 ratione

124 2964 282 3051 disponat,
296 2965 416 3031 hebens
433 2969 465 3029 in
480 2987 513 3030 se
528 2966 706 3032 libertatem
721 2967 858 3048 arbitrii,
878 2972 913 3029 ut
932 2965 983 3030 ²in
1003 2989 1076 3032 suae
1093 2970 1288 3034 substantiae

123 3068 220 3151 eligat
235 3071 421 3151 cogitatione
438 3069 521 3152 quod
534 3070 610 3133 vult.

188 3171 297 3237 Solum
311 3170 470 3235 hominem
487 3172 643 3236 credimus
658 3172 772 3237 habere
789 3173 927 3247 enimam
942 3173 1189 3258 substantivam,
1209 3197 1288 3261 quae
1306 3205 1357 3257 cap.
1371 3206 1425 3246 xva

123 3280 219 3338 exuta
234 3294 363 3358 corpore
378 3275 471 3355 vivit,
492 3280 523 3336 et
543 3295 654 3338 sensus
675 3296 748 3339 suos
769 3281 862 3358 atquo
883 3277 1009 3357 ingenie
1023 3279 1174 3342 vivaciter
1189 3287 1287 3344 tenet.

124 3376 249 3462 ¹Nequc
266 3397 338 3441 cnm
349 3398 476 3461 corpore
489 3379 630 3460 moritur,
645 3379 727 3442 sicut
741 3375 874 3441 ²Aretus
886 3380 1008 3462 asserit,
1024 3401 1124 3464 neque
1135 3389 1207 3466 post
1218 3404 1286 3446 mo-

123 3480 230 3545 dicum
244 3479 454 3561 intervallum,
469 3483 552 3545 sicut
566 3482 672 3545 Zenon
689 3480 775 3563 dicit,
791 3483 863 3565 quia
878 3482 1127 3547 substantialiter
1141 3484 1245 3549 ³vivit.
1285 3487 1289 3497 '

187 3582 382 3647 Animalium
396 3603 470 3648 vero
486 3585 608 3649 animae
620 3605 684 3648 non
696 3572 770 3649 sunt
785 3584 1027 3667 ¹substantirae,
1042 3586 1098 3649 sod
1110 3607 1181 3650 cum
1194 3607 1287 3650 carne
1304 3604 1355 3656 ear·
1368 3605 1434 3646 Νι

123 3687 193 3772 ipsa
208 3686 310 3750 carnis
325 3684 511 3751 ²vivacitate
527 3693 757 3787 nascuntur,ct
770 3707 843 3752 ¹cum
859 3691 961 3753 carnis
976 3696 1074 3795 morte
1090 3688 1240 3753 finiuntur
1255 3696 1287 3752 et

190 3804 214 3857 3.
225 3803 287 3857 Ideo
299 3810 325 3856 et
336 3807 375 3856 ed.
387 3805 502 3859 Elmeat.

191 3872 254 3944 Gap.
266 3872 325 3927 XII.
337 3903 371 3913 -
386 3873 407 3925 l.
419 3874 492 3926 MSS.
505 3877 601 3943 aliquot
612 3892 725 3946 corpore.
740 3873 860 3945 (Bened.)
901 3874 925 3928 2.
936 3874 1051 3928 humana
1062 3893 1107 3926 om.
1120 3877 1160 3928 ed.
1169 3875 1285 3930 Elaeent.

190 3941 254 4063 Ἑρ.
265 3941 336 4061 ΧέΙΙ.
354 3973 387 3982 -
407 3942 427 3993 l.
446 3943 491 3994 Ita
509 3946 567 3998 edit.
583 3945 689 4010 Bened,
707 3954 732 3997 et
746 3948 801 3999 cod.
815 3945 928 3998 Floreat.
944 3950 1004 4014 post
1020 3943 1123 3996 ruinam
1137 3946 1286 3998 necessaria

123 4012 183 4066 edit.
232 4029 311 4065 marr.

190 4078 253 4150 Cap.
265 4078 335 4132 XIV.
348 4110 381 4119 —
395 4079 417 4133 l.
437 4079 516 4147 Vulgo
528 4082 696 4147 seminantur,
710 4092 769 4134 aare
780 4081 895 4134 Elmenl.
909 4091 933 4132 el
943 4080 1074 4133 Benede'rt.
1122 4081 1145 4134 2.
1157 4081 1231 4134 MSS.
1242 4101 1285 4136 aex

122 4149 310 4219 consequentia
321 4149 475 4201 servientes:
489 4151 537 4199 alil
549 4160 599 4201 tres
610 4151 796 4219 consequentia
807 4145 1113 4270 servientezJBenedict.)

190 4216 253 4288 (lap.
264 4217 323 4270 XV.
336 4248 369 4256 -
383 4218 405 4268 l.
417 4216 544 4285 Syrorum
556 4217 728 4286 disputatores
741 4219 858 4271 scribunt
869 4220 928 4270 edit.
967 4218 1064 4282 lmealt,
1076 4236 1107 4271 ea
1116 4229 1213 4272 auctor.
1227 4223 1282 4274 cod.

124 4286 235 4340 Floreat.
288 4285 312 4340 2.
324 4285 397 4339 MSS.
411 4304 493 4338 ornnes
505 4286 532 4337 in
544 4302 593 4337 sua
605 4288 758 4341 substantia.
777 4285 896 4354 (Bened.)

190 4354 253 4424 (lap.
265 4354 336 4408 XVI.
349 4385 381 4393 —
395 4355 417 4405 l.
430 4353 489 4406 Non
501 4356 560 4407 edit.
573 4354 688 4410 Elmeolr.
724 4355 749 4410 2.
761 4355 835 4408 MSS.
846 4373 927 4407 omues
935 4355 1027 4409 Arabs.
1039 4355 1155 4425 (Benedl
1167 4357 1282 4410 Elmeat.

122 4442 154 4476 aa
165 4427 221 4478 cod.
233 4423 346 4477 Floreat.
357 4425 438 4474 edidit
448 4423 542 4474 Aratus
556 4429 600 4475 aut
610 4422 738 4492 Epicurea
748 4423 848 4475 vanitas
861 4424 962 4478 asserit.
1018 4423 1043 4478 3.
1056 4424 1171 4478 Elmeat.
1184 4445 1214 4479 ex
1225 4430 1281 4482 cod.

122 4490 236 4548 Floreat.
250 4496 403 4544 auctoritate
415 4493 497 4543 edidit
506 4492 577 4556 vivit,
590 4496 615 4543 et
626 4493 754 4546 rationem
765 4506 840 4543 suam
852 4497 930 4545 tenet

189 4561 252 4632 Gap.
263 4559 346 4615 XVII.
359 4589 393 4598 —
407 4559 428 4611 l.
440 4558 513 4613 MSS.
527 4561 623 4628 aliquot
632 4560 802 4625 substantiae,
815 4563 864 4613 clii
874 4561 1032 4617 substantes.
1046 4562 1167 4633 (Bened.)
1220 4565 1244 4616 2.
1257 4565 1283 4617 in

121 4630 256 4685 moriare
267 4631 327 4684 edit.
339 4627 468 4691 Elmeal„
485 4647 516 4680 ex
532 4631 587 4682 cod.
599 4628 711 4683 Floreat.

1032 4718 1082 4770 aa·
