3046 5124
257 366 319 432 314
794 363 879 403 PAULI

148 552 198 603 ρῳ,
213 554 240 592 11,
320 519 535 585 hlenaudriani
551 519 754 585 alienandro
769 539 878 602 mago,
894 518 1047 605 discipulo
1062 519 1218 603 Simonis,
1239 523 1417 606 nuncupati,

259 626 311 709 qui
326 622 477 687 mundum
493 643 555 686 non
570 645 589 685 a
604 623 672 703 deo,
688 621 742 686 sed
758 622 797 685 ab
813 622 930 705 angelis
946 623 1064 688 factum
1079 629 1234 689 asserunt.

136 740 187 793 0⁸1³·
201 741 240 783 ru
320 725 491 791 Nicolaitae
512 726 588 789 dicti
608 726 779 806 aNicolao,
797 726 928 791 diacono
950 725 1102 790 ecclesiae
1122 725 1418 810 Hierosolymorum,

258 830 310 914 qui
325 850 397 893 cum
412 828 569 913 Stephano
586 834 616 891 et
632 828 744 892 ceteris
757 832 943 893 constitutus
959 836 1007 892 est
1018 852 1036 892 a
1046 830 1149 893 Petro.
1183 830 1215 893 Is
1232 850 1305 893 cum
1320 828 1417 895 inere·

256 938 383 1019 paretur
397 932 436 996 ab
452 930 600 1016 apostolis
615 936 741 1015 proptor
756 931 1178 1017 zelotypiam'pulcherrimae
1189 931 1311 1014 uxoriS,
1325 933 1418 998 iratus

258 1056 454 1100 communem
473 1033 549 1097 fecit
569 1055 637 1097 eam
659 1033 803 1098 omnibus
824 1034 910 1099 abuti
924 1034 1114 1118 volentibus,
1133 1035 1240 1119 itaque
1254 1035 1359 1101 lactus
1374 1041 1419 1099 est

257 1146 365 1203 auctor
380 1137 577 1222 turpissimae
594 1137 833 1219 communionis
848 1143 883 1200 ut
893 1136 1052 1220 videlicet,
1067 1137 1334 1221 quemadmodum
1348 1160 1418 1225 apo·

257 1243 407 1307 stolorum
416 1261 564 1323 sequaces
578 1246 681 1303 cetera
692 1240 775 1303 bona
786 1240 1064 1322 communicarent,
1078 1243 1124 1305 sic
1136 1244 1236 1325 ipsius
1249 1247 1418 1306 sectatores

258 1366 439 1409 communes
455 1343 549 1406 etiam
569 1343 721 1406 haberent
740 1363 860 1407 uxores.
899 1345 981 1422 Quos
1001 1344 1155 1408 lohannes
1175 1345 1210 1409 in
1229 1343 1417 1431 Apocalypsi

257 1448 422 1532 improbat,
438 1447 556 1527 dicens,
576 1447 658 1510 ¹lloc
675 1446 757 1530 quod
779 1446 872 1510 odisti
893 1446 991 1510 habos
1006 1448 1090 1527 facta
1103 1447 1340 1513 Nicolaitarum.
1375 1447 1419 1512 Ex

257 1556 345 1635 perte
361 1548 578 1613 similitudinis
589 1569 688 1631 usque
700 1548 791 1612 hodie
803 1549 944 1613 Romana
954 1549 1089 1613 ecclesia
1099 1549 1273 1614 Nicolaitae
1284 1549 1420 1635 appellat

258 1655 489 1718 incontinentes
504 1651 665 1714 ministros
681 1650 798 1732 altaris,
814 1673 849 1716 eo
865 1649 966 1735 ²qu0d
978 1651 1040 1715 sibi
1051 1652 1343 1719 eommuniaveliut
1353 1672 1417 1718 esse

259 1755 412 1837 coniugia,
435 1774 513 1838 quae
535 1752 609 1817 solis
632 1774 782 1817 concessa
797 1760 869 1817 sunt
889 1753 978 1817 laicis
994 1759 1026 1817 et
1039 1753 1103 1819 illis
1123 1753 1200 1840 ³qui
1213 1761 1304 1820 extra
1318 1777 1418 1821 saeros

258 1858 383 1922 ordines
400 1855 561 1920 constituti
576 1862 650 1918 suut
665 1856 797 1920 clericis,

140 1972 191 2023 cu·
203 1973 242 2013 lv·
321 1959 516 2040 ¹Corinthus,
536 1978 629 2041 aquo
645 1958 849 2040 Cerinthiani,
864 1964 896 2022 et
910 1956 1038 2041 ²Ebiou,
1058 1980 1152 2045 aque
1167 1959 1346 2043 Ebionitae,
1364 1981 1417 2048 pa·

257 2063 334 2128 riter
348 2068 548 2127 asseruerunt
563 2062 721 2126 Christum
735 2061 913 2126 ³hominem
927 2061 1023 2126 luisse
1038 2069 1146 2128 natum
1160 2063 1269 2128 Maria.
1308 2065 1420 2131 Contra

257 2168 314 2232 hos
330 2165 441 2230 scribit
454 2165 609 2231 lohannes
625 2164 783 2249 apostolus
800 2164 1004 2247 evangelium.
1040 2166 1206 2231 Praeterea
1225 2166 1418 2232 Cerinthiaui

259 2269 529 2335 circumcisionem
544 2268 721 2349 observant,
740 2267 826 2332 mille
842 2288 941 2332 anuos
956 2274 1027 2353 post
1040 2269 1304 2336 resurrectionem
1318 2271 1352 2336 iu
1365 2291 1417 2335 vo·

258 2374 376 2458 luptate
393 2371 495 2436 caruis
510 2371 629 2435 futuros
645 2369 837 2456 praedicant,
852 2371 935 2434 unde
950 2378 982 2434 et
993 2372 1110 2437 Graece
1121 2370 1298 2456 ⁴Chiliasti,
1312 2373 1418 2439 Latine

257 2475 385 2540 Miliasti
401 2481 475 2539 sunt
489 2473 647 2559 appellati.
684 2474 762 2537 ltem
776 2473 940 2538 Ebionitae
956 2474 1147 2539 Semiiudaei
1161 2482 1246 2559 suut,
1268 2478 1361 2541 etita
1373 2484 1417 2541 te·

259 2584 335 2642 nent
350 2577 557 2659 evangelium,
577 2583 612 2639 ut
626 2576 726 2658 legem
739 2577 906 2641 carnaliter
919 2579 1101 2657 observent3
1122 2578 1273 2644 adversus
1289 2600 1367 2665 quos
1381 2578 1418 2646 ad

259 2683 384 2747 Galatas
399 2681 514 2744 Paulus
529 2679 688 2765 apostolus
704 2680 845 2744 scribens
860 2680 1026 2746 invenitur.

150 2795 202 2846 0⁸1>-
215 2795 241 2834 v·
320 2785 472 2849 Nazareni
490 2783 566 2847 dicti
583 2783 635 2867 qui
652 2781 725 2846 dum
741 2782 910 2866 Christum,
926 2784 977 2868 qui
993 2806 1012 2848 a
1028 2785 1095 2849 vieo
1118 2784 1299 2851 Nazarenus
1315 2785 1419 2875 appel·

258 2888 350 2969 latur,
365 2887 465 2951 lilium
482 2886 529 2950 dei
544 2886 760 2967 confiteantur,
776 2887 880 2951 omnia
890 2893 996 2951 tamen
1013 2887 1128 2952 veteris
1139 2887 1218 2971 legis
1231 2890 1419 2955 custodiunt

140 3000 190 3053 cu·
203 3000 240 3041 Vl·
321 2989 562 3072 llernrogeniani
578 2990 617 3053 ab
633 2990 827 3072 Hermogene
843 2989 978 3074 quodam
989 2991 1103 3073 vocati,
1118 2991 1172 3075 qui
1182 2994 1350 3058 materiam
1363 3013 1420 3059 neu

258 3101 365 3160 natam
382 3093 582 3157 introducens
599 3092 655 3157 deo
671 3114 735 3157 nou
750 3100 823 3157 nato
839 3114 909 3157 eam
924 3094 1131 3179 comparavit,
1145 3100 1344 3182 matremque
1358 3094 1419 3162 ele·

257 3203 435 3260 mentorum
457 3203 488 3258 et
509 3196 601 3260 deum
623 3199 769 3275 asseruit3
790 3217 867 3281 quos
888 3196 1048 3282 apostolus
1069 3197 1236 3283 improbat,
1257 3198 1420 3265 elementia

257 3301 438 3364 servientes.

126 3431 177 3482 op.
190 3430 240 3472 vu.
322 3402 432 3486 ¹Alogi
446 3408 596 3465 vocantur
618 3408 767 3485 tanquam
783 3400 852 3466 sine
866 3403 976 3481 verb03
997 3401 1103 3494 2λόγος
1118 3403 1204 3469 enim
1219 3405 1339 3473 Graece
1352 3426 1420 3473 ver·

258 3510 332 3573 bum
348 3505 490 3570 ³dicitur.
526 3504 628 3568 Deum
644 3506 728 3570 enirn
742 3506 874 3571 verbum
889 3527 952 3571 non
969 3508 1109 3591 credunt,
1124 3515 1311 3596 respuentes
1327 3532 1420 3577 evau-

256 3612 371 3695 gelium
386 3607 535 3674 Iohannis
551 3615 582 3671 et
595 3608 817 3694 Apocalypsin.

117 3739 167 3792 cm.
181 3740 239 3781 viu.
320 3712 494 3798 Apostolici
509 3711 567 3776 hoc
584 3712 644 3776 sibi
660 3732 774 3776 nomen
789 3711 860 3777 ideo
875 3721 1162 3799 praesumpserunt,
1177 3715 1284 3803 ¹pued
1296 3718 1421 3803 quidem

258 3817 337 3882 nihil
355 3816 553 3903 possidentes
575 3820 740 3901 propterea
760 3836 957 3900 nequaquam
976 3816 1132 3902 recipiant
1146 3813 1208 3884 'eos
1228 3819 1283 3905 qui
1303 3819 1421 3907 aliquid

256 3920 290 3985 iu
304 3920 363 3986 hoe
378 3919 495 3984 mundo
511 3925 649 3983 utuntur.

140 4030 190 4083 cu·
203 4030 240 4072 1¹·
322 4023 482 4106 ¹Angelici
496 4025 599 4088 vocati
614 4022 688 4107 quia
702 4021 828 4106 angelos
843 4022 958 4090 colunt.

326 4243 387 4312 Cap.
399 4242 442 4294 III.
455 4274 487 4283 -
507 4243 529 4296 l.
540 4243 646 4364 Apocal.
655 4243 686 4296 Π.
696 4243 720 4298 6.
756 4243 780 4297 2.
793 4260 844 4314 quo
857 4246 930 4299 codd.
966 4245 990 4299 3.
1003 4244 1036 4297 ln
1048 4246 1121 4300 codd.
1132 4246 1296 4299 desideratura
1305 4264 1360 4302 voc.
1385 4247 1419 4302 αἱ

326 4311 388 4381 Gap.
399 4311 442 4363 IV.
458 4341 491 4350 —
523 4312 543 4364 l.
583 4311 1082 4382 berinthusaqueGheriuthianicodd.
1133 4314 1157 4368 2.
1174 4314 1377 4371 ΕδὶδοιισοΗ
1393 4316 1419 4371 5.

258 4380 283 4432 3.
297 4382 340 4432 Ita
353 4384 461 4433 correxi.
492 4381 524 4431 la
536 4390 593 4434 retr.
606 4382 680 4431 lihria
692 4383 838 4450 corruptela
850 4391 888 4433 eat
902 4400 955 4436 non
970 4383 1053 4436 fuisse
1064 4379 1099 4435 afr
1108 4384 1226 4439 muriam.
1255 4382 1353 4440 Gontn
1363 4395 1417 4439 cau.

259 4449 284 4500 4.
296 4449 416 4500 Rescribe
428 4446 575 4512 chiliastae,
587 4449 678 4501 Latine
690 4450 836 4514 Milliastae,
849 4468 879 4501 esc
889 4452 1040 4519 Aupustr'no,
1053 4452 1155 4505 Isidoro
1166 4453 1281 4523 aliaeque.

327 4516 387 4586 Cap.
398 4515 452 4567 VH.
465 4545 498 4554 -
518 4516 539 4568 l.
551 4517 648 4598 Alegyi
659 4520 732 4569 codd.
783 4518 807 4574 2.
819 4520 895 4589 logos
908 4522 980 4574 codd.
1033 4520 1057 4574 3.
1074 4520 1150 4575 datur
1161 4522 1234 4579 codd.

327 4584 389 4655 Gap.
400 4583 466 4637 VIll.
480 4615 512 4624 —
531 4585 553 4637 1.
567 4586 671 4654 qmdem
682 4585 747 4638 nihil
760 4589 833 4643 codd.

327 4653 389 4723 Cap.
401 4652 448 4708 IX.
461 4680 494 4693 -
513 4652 535 4706 l.
548 4652 650 4724 Anglici
663 4656 735 4708 codd.
