3046 5124
141 1558 191 1607 cip.
205 1558 222 1599 r.
242 1474 439 1606 Simoniani
455 1557 473 1598 a
488 1536 614 1600 Simone
629 1536 730 1618 Mago,
746 1539 799 1620 qui
814 1536 990 1619 baptizatus
1006 1536 1183 1622 aPhilippo
1200 1535 1344 1619 diacono,
1359 1539 1399 1601 si·

242 1646 294 1701 cut
310 1641 340 1700 in
358 1639 506 1702 lrictibus
522 1638 731 1723 apostolorum
747 1638 874 1720 iegitur,
895 1642 1029 1723 pecunia
1045 1639 1142 1704 voluit
1158 1661 1177 1702 a
1192 1643 1313 1704 sanctis
1329 1662 1400 1726 spo-

241 1741 328 1804 stolis
345 1761 446 1804 emere
462 1748 498 1804 ut
512 1744 607 1804 ctiam
627 1762 682 1825 per
702 1743 933 1825 impositionem
952 1762 1063 1805 manus
1085 1744 1151 1806 eius
1168 1741 1297 1807 daretur
1312 1745 1400 1828 spiri-

241 1849 291 1906 tus
308 1851 443 1925 sauctus.
466 1844 525 1907 Hic
540 1846 669 1926 magicis
682 1842 812 1906 fallaciis
825 1843 989 1928 deceperat
1000 1843 1124 1909 multos.
1146 1844 1291 1910 Docebat
1301 1851 1401 1909 autem

241 1946 458 2010 detestandam
473 1946 699 2031 turpitudinem
718 1945 932 2009 indifferenter
947 1946 1056 2010 utendi
1073 1948 1209 2011 feminis.
1233 1947 1299 2012 Nec
1312 1948 1400 2012 deum

241 2050 351 2113 secisse
367 2050 519 2113 muudum
535 2048 667 2113 dicebat.
696 2047 836 2130 Negabat
851 2052 945 2112 etiam
961 2052 1063 2113 carnis
1079 2053 1359 2133 resurrectionem,
1373 2057 1402 2113 et

240 2153 400 2215 asserebat
412 2173 445 2215 se
457 2172 525 2215 osse
538 2150 706 2232 Christum,
719 2153 855 2234 itemque
867 2152 974 2215 Iovem
987 2172 1019 2214 se
1033 2152 1118 2216 credi
1126 2151 1262 2217 volebat.
1273 2144 1399 2220 'Miner-

239 2277 311 2317 vam
325 2276 398 2319 vero
414 2257 609 2318 meretricem
625 2253 782 2338 quandam
797 2252 969 2333 ²Helencn,
986 2273 1080 2337 quam
1095 2254 1155 2318 sibi
1171 2258 1292 2320 socium
1307 2255 1400 2321 scele-

240 2378 309 2420 rum
325 2359 455 2437 iecerat,
471 2359 682 2440 imaginesque
699 2362 729 2419 ct
745 2377 834 2420 suam
849 2362 881 2419 et
896 2356 1035 2420 eiusdem
1050 2358 1225 2421 meretricis
1241 2356 1401 2444 discipulis

241 2463 304 2523 suis
321 2460 491 2544 praebebat
507 2459 696 2540 adorandas,
718 2479 795 2543 quas
816 2466 847 2521 ct
863 2459 978 2523 Romae
995 2464 1144 2543 tanquam
1160 2458 1292 2526 deorum
1307 2464 1400 2526 simu-

240 2563 324 2625 lacra
338 2564 520 2626 auctoritate
536 2561 662 2646 publica
677 2563 888 2625 constituerat.
911 2562 948 2624 In
961 2582 1022 2645 qna
1033 2561 1108 2626 urbe
1120 2561 1282 2646 apostolus
1294 2564 1401 2629 Petrus

241 2687 312 2727 curu
328 2687 400 2728 vera
416 2665 466 2728 dci
483 2667 705 2748 omnipotentis
721 2666 835 2727 virtute
851 2665 1011 2727 3eutinxit.

129 2789 179 2838 cap.
194 2790 221 2828 rr.
303 2768 536 2849 Menandriani,
551 2789 570 2830 a
584 2766 754 2831 Menandro
772 2768 867 2829 etiarn
881 2769 949 2850 ipso
964 2787 1072 2849 mago,
1089 2767 1244 2852 discipulo
1256 2771 1337 2852 eius,
1352 2771 1400 2854 qui

240 2871 391 2934 muudum
407 2871 567 2933 asserebat
582 2891 645 2934 uon
660 2892 679 2932 a
695 2868 763 2950 deo,
779 2867 834 2931 sed
850 2868 888 2931 ab
905 2868 1024 2952 angelis
1039 2870 1166 2934 iactum.

118 2994 167 3046 cip.
183 2995 221 3035 111.
305 2974 545 3055 ¹Saturniuiani,
561 2995 579 3036 a
594 2972 729 3057 quodam
740 2971 919 3053 Saturnino,
936 2974 989 3055 qui
1003 2973 1231 3057 turpitudinem
1246 2973 1399 3042 Simonis·

240 3098 314 3140 narn
330 3078 361 3138 in
377 3075 467 3158 Syria
482 3076 682 3140 confirmasse
697 3075 892 3160 perhibetur3
908 3076 961 3158 qni
976 3076 1070 3138 etiam
1085 3074 1239 3140 mundum
1251 3077 1336 3143 solos
1347 3100 1399 3143 su·

240 3178 326 3260 gelos
342 3185 462 3261 septem
477 3185 601 3263 praeter
616 3177 858 3242 2conscientiam
875 3178 924 3241 dei
939 3181 1037 3261 patris
1053 3179 1167 3243 secisse
1183 3177 1320 3245 dicebat.

128 3304 221 3354 ciart.
303 3281 498 3361 Basilidiaui,
520 3281 709 3361 aBasilidc,
732 3283 785 3363 qui
810 3280 868 3345 hoc
891 3279 1027 3345 distabat
1046 3302 1065 3344 a
1085 3280 1295 3365 Simonianis,
1322 3283 1399 3369 quod

239 3391 397 3448 trecentos
414 3387 575 3466 sexaginta
590 3387 726 3466 quinque
743 3382 845 3447 caelos
861 3403 929 3446 esse
945 3382 1085 3465 dicebat,
1106 3404 1166 3467 quo
1186 3405 1321 3452 numero
1338 3387 1397 3451 die·

240 3508 309 3550 rum
325 3508 425 3550 annus
442 3486 620 3549 includitur.
643 3486 734 3551 Unde
751 3487 845 3549 etiam
857 3488 946 3570 quasi
958 3492 1102 3551 sanctum
1112 3506 1229 3551 nomen
1241 3510 1398 3554 commen·

240 3589 348 3672 dabat,
370 3574 464 3675 'quod
491 3594 540 3652 est
575 3588 745 3663 ῙᾸΒΡΛΣΑΞ,
778 3591 866 3653 ouius
904 3591 1040 3654 nominis
1076 3588 1198 3654 litterae
1230 3593 1399 3658 secundnm

290 3809 352 3878 Cap.
364 3809 384 3861 1.
395 3839 428 3848 -
443 3810 463 3861 l.
478 3810 558 3861 Actor
574 3807 652 3860 VIJI.
706 3808 730 3860 2.
743 3807 944 3863 EdittSeleuen.
962 3808 1399 3878 Atimflelonsmaufflaronea

239 3883 329 3929 cerisio.
354 3879 431 3929 Haase
448 3882 512 3928 errius
523 3877 608 3929 Simon
625 3877 755 3929 delirabat
763 3883 847 3946 subse
859 3879 983 3931 Helenum
999 3883 1081 3948 speum
1097 3878 1238 3932 Troianam
1255 3899 1288 3933 ea·
1306 3882 1400 3935 Tertul-

239 3949 308 3997 b'cuc
321 3948 362 3997 lib.
377 3950 407 3998 de
420 3948 516 3997 Arsissa
529 3965 551 3999 c.
561 3945 616 4008 34„
635 3964 665 3996 cx
676 3946 817 3999 Philactrio
830 3957 876 4000 etc.
905 3945 1005 4011 Ἑλένην
1018 3951 1094 3998 etiam
1106 3951 1220 4001 cossim
1230 3948 1400 4020 Epiphanius,

239 4034 283 4065 noc
297 4018 373 4066 clr'tcr
385 4016 562 4066 Damascerme
574 4018 600 4065 iu
613 4033 688 4082 opere
705 4017 736 4066 de
752 4014 906 4069 haeresibus.
926 4014 1046 4083 (Bened.)
1097 4013 1121 4068 3.
1134 4015 1186 4068 Hic
1198 4020 1226 4068 irs
1239 4019 1318 4071 editio
1328 4021 1400 4073 addi-

238 4092 292 4132 tur:
317 4083 424 4135 Dixerat
441 4084 510 4134 euim
529 4100 557 4134 se
574 4082 601 4134 in
613 4089 702 4135 monte
714 4082 778 4135 Sina
789 4084 875 4152 legem
888 4084 975 4151 Moysi
992 4085 1019 4135 in
1030 4084 1112 4163 patris
1124 4100 1237 4153 persons
1247 4084 1352 4141 dedisse
1362 4086 1400 4140 iu·

239 4151 325 4207 dacis:
339 4159 454 4232 ternpore
467 4151 563 4204 Tiberii
575 4153 601 4202 iu
614 4152 661 4202 tilii
672 4168 784 4220 persona
796 4153 910 4220 putative
928 4168 1092 4222 apparuisse,
1108 4157 1199 4222 postea
1215 4168 1244 4207 se
1259 4154 1289 4208 iu
1318 4157 1325 4169 '
1381 4157 1387 4168 '

238 4219 455 4338 igneislspiirrtuur
469 4226 588 4300 sanctum
600 4219 822 4356 sui⁰i·³p⁰⁵i‘1'3l⁰⁸
840 4220 956 4350 (pe,nisse;
974 4218 1104 4273 Christum
1122 4226 1210 4275 auteur
1225 4238 1274 4276 nec
1290 4238 1400 4287 vennas

238 4303 314 4338 neca
339 4305 355 4338 u
374 4304 426 4339 aers
457 4305 498 4339 ure
518 4304 579 4340 uam
600 4305 624 4339 >e
649 4305 738 4340 uisse.
791 4304 863 4340 ene.

290 4354 351 4422 Cap.
364 4305 456 4407 lli-(i
474 4305 777 4425 1.i4podlEp›aptaaiam
798 4365 822 4407 et
837 4357 1025 4408 Damascenum
1041 4357 1212 4411 saturniliani
1228 4379 1247 4411 α
1284 4363 1399 4424 ellam,

239 4442 367 4490 eorumque
380 4435 468 4476 crucior
481 4425 637 4478 Saturuilus.
667 4424 711 4475 Sic
724 4429 800 4476 edam
811 4436 888 4476 socrat
904 4427 1018 4477 Iustinus
1029 4430 1056 4477 in
1072 4428 1175 4495 dialogo
1187 4444 1243 4479 eum
1280 4430 1399 4501 rpptone,

239 4510 271 4541 ac
288 4491 461 4545 Theodoretuc.
482 4493 601 4561 (Bened.)
653 4493 677 4546 ⁴2.
690 4493 826 4546 scientim
838 4493 1012 4546 bubetuuuse
1031 4493 1166 4547 Vaticanis
1177 4497 1318 4552 codicibus.

289 4558 326 4610 Ca
345 4558 406 4611 .lV.
419 4592 451 4599 -
476 4561 499 4615 l.
511 4560 555 4611 Sic
575 4566 753 4630 manuscripti,
769 4561 919 4632 Epiphanio
937 4572 961 4615 et
978 4562 1136 4617 Damascem'
1152 4569 1342 4622 comendentes.
1364 4566 1400 4618 At

239 4628 332 4680 edictu
354 4626 465 4681 ΡΑΞΑΣ.
490 4627 612 4698 (Bened.)
