<?xml version="1.0" encoding="UTF-8"?>
<!DOCTYPE html PUBLIC "-//W3C//DTD XHTML 1.0 Transitional//EN"
    "http://www.w3.org/TR/xhtml1/DTD/xhtml1-transitional.dtd">
<html xmlns="http://www.w3.org/1999/xhtml" xml:lang="en" lang="en">
 <head>
  <title>
</title>
<meta http-equiv="Content-Type" content="text/html;charset=utf-8" />
  <meta name='ocr-system' content='tesseract 3.04.00' />
  <meta name='ocr-capabilities' content='ocr_page ocr_carea ocr_par ocr_line ocrx_word'/>
</head>
<body>
  <div class='ocr_page' id='page_1' title='image "./corporishaerese02unkngoog_0392.png"; bbox 0 0 3046 5124; ppageno 0'>
   <div class='ocr_carea' id='block_1_1' title="bbox 1183 386 1244 450">
    <p class='ocr_par' dir='ltr' id='par_1_1' title="bbox 1183 386 1244 450">
     <span class='ocr_line' id='line_1_1' title="bbox 1183 386 1244 450; baseline 0 0"><span class='ocrx_word' id='word_1_1' title='bbox 1183 386 1244 450; x_wconf 74' lang='lat'>373</span> 
     </span>
    </p>
   </div>
   <div class='ocr_carea' id='block_1_2' title="bbox 67 531 1264 4701">
    <p class='ocr_par' dir='ltr' id='par_1_2' title="bbox 74 531 1264 1131">
     <span class='ocr_line' id='line_1_2' title="bbox 78 531 1245 605; baseline 0.004 -20"><span class='ocrx_word' id='word_1_2' title='bbox 78 531 117 585; x_wconf 86' lang='lat' dir='ltr'>les</span> <span class='ocrx_word' id='word_1_3' title='bbox 129 536 268 597; x_wconf 84' lang='lat' dir='ltr'>creaturas,</span> <span class='ocrx_word' id='word_1_4' title='bbox 280 531 347 585; x_wconf 90' lang='lat' dir='ltr'>slent</span> <span class='ocrx_word' id='word_1_5' title='bbox 359 531 484 602; x_wconf 73' lang='lat' dir='ltr'>Origenes</span> <span class='ocrx_word' id='word_1_6' title='bbox 492 531 581 603; x_wconf 87' lang='lat' dir='ltr'>tingit]</span> <span class='ocrx_word' id='word_1_7' title='bbox 598 533 724 604; x_wconf 78' lang='lat' dir='ltr'>Origenes</span> <span class='ocrx_word' id='word_1_8' title='bbox 737 533 791 604; x_wconf 75' lang='lat' dir='ltr'>aspi</span> <span class='ocrx_word' id='word_1_9' title='bbox 803 532 887 605; x_wconf 74' lang='grc' dir='ltr'>ἀρχῶν</span> <span class='ocrx_word' id='word_1_10' title='bbox 899 536 944 588; x_wconf 89' lang='lat' dir='ltr'>lib.</span> <span class='ocrx_word' id='word_1_11' title='bbox 953 535 977 588; x_wconf 88' lang='lat'>3.</span> <span class='ocrx_word' id='word_1_12' title='bbox 988 536 1034 591; x_wconf 86' lang='lat' dir='ltr'>iol.</span> <span class='ocrx_word' id='word_1_13' title='bbox 1045 537 1104 590; x_wconf 80' lang='lat'>461.</span> <span class='ocrx_word' id='word_1_14' title='bbox 1115 539 1177 591; x_wconf 89' lang='lat' dir='ltr'>dicit</span> <span class='ocrx_word' id='word_1_15' title='bbox 1189 543 1245 590; x_wconf 78' lang='lat' dir='ltr'>arni-</span> 
     </span>
     <span class='ocr_line' id='line_1_3' title="bbox 79 602 1245 675; baseline 0.007 -24"><span class='ocrx_word' id='word_1_16' title='bbox 79 617 135 652; x_wconf 78' lang='lat' dir='ltr'>snas</span> <span class='ocrx_word' id='word_1_17' title='bbox 142 602 285 652; x_wconf 85' lang='lat' dir='ltr'>rationales</span> <span class='ocrx_word' id='word_1_18' title='bbox 293 609 426 671; x_wconf 73' lang='lat' dir='ltr'>antemnam</span> <span class='ocrx_word' id='word_1_19' title='bbox 435 605 463 653; x_wconf 85' lang='lat' dir='ltr'>in</span> <span class='ocrx_word' id='word_1_20' title='bbox 475 620 580 671; x_wconf 86' lang='lat' dir='ltr'>corpure</span> <span class='ocrx_word' id='word_1_21' title='bbox 592 612 764 666; x_wconf 82' lang='lat' dir='ltr'>nascerentur,</span> <span class='ocrx_word' id='word_1_22' title='bbox 777 605 876 672; x_wconf 79' lang='lat' dir='ltr'>aliquid</span> <span class='ocrx_word' id='word_1_23' title='bbox 884 609 1040 656; x_wconf 73' lang='lat' dir='ltr'>conmunione</span> <span class='ocrx_word' id='word_1_24' title='bbox 1052 608 1143 675; x_wconf 83' lang='lat' dir='ltr'>culpae</span> <span class='ocrx_word' id='word_1_25' title='bbox 1154 611 1181 658; x_wconf 91' lang='lat' dir='ltr'>in</span> <span class='ocrx_word' id='word_1_26' title='bbox 1190 626 1245 660; x_wconf 89' lang='lat' dir='ltr'>sen·</span> 
     </span>
     <span class='ocr_line' id='line_1_4' title="bbox 78 669 1243 740; baseline 0.007 -21"><span class='ocrx_word' id='word_1_27' title='bbox 78 669 148 720; x_wconf 77' lang='lat' dir='ltr'>sibus</span> <span class='ocrx_word' id='word_1_28' title='bbox 159 669 201 720; x_wconf 84' lang='lat' dir='ltr'>rel</span> <span class='ocrx_word' id='word_1_29' title='bbox 210 669 316 721; x_wconf 82' lang='lat' dir='ltr'>motibus</span> <span class='ocrx_word' id='word_1_30' title='bbox 326 673 387 732; x_wconf 86' lang='lat' dir='ltr'>suis,</span> <span class='ocrx_word' id='word_1_31' title='bbox 394 688 446 739; x_wconf 83' lang='lat' dir='ltr'>pro</span> <span class='ocrx_word' id='word_1_32' title='bbox 457 688 507 738; x_wconf 82' lang='lat' dir='ltr'>qna</span> <span class='ocrx_word' id='word_1_33' title='bbox 520 690 536 721; x_wconf 91' lang='lat' dir='ltr'>a</span> <span class='ocrx_word' id='word_1_34' title='bbox 547 674 633 740; x_wconf 82' lang='lat' dir='ltr'>prima</span> <span class='ocrx_word' id='word_1_35' title='bbox 645 676 732 723; x_wconf 88' lang='lat' dir='ltr'>statim</span> <span class='ocrx_word' id='word_1_36' title='bbox 744 675 886 735; x_wconf 70' lang='lat' dir='ltr'>nativitate,</span> <span class='ocrx_word' id='word_1_37' title='bbox 904 677 952 725; x_wconf 86' lang='lat' dir='ltr'>imo</span> <span class='ocrx_word' id='word_1_38' title='bbox 968 683 1062 725; x_wconf 85' lang='lat' dir='ltr'>stante</span> <span class='ocrx_word' id='word_1_39' title='bbox 1078 680 1243 737; x_wconf 67' lang='lat' dir='ltr'>nativitatem,</span> 
     </span>
     <span class='ocr_line' id='line_1_5' title="bbox 74 738 1245 864; baseline 0.005 -7"><span class='ocrx_word' id='word_1_40' title='bbox 74 738 251 858; x_wconf 61' lang='lat' dir='ltr'>lillis</span> <span class='ocrx_word' id='word_1_41' title='bbox 270 739 1112 860; x_wconf 47' lang='lat' dir='ltr'>0lilllillo‘d&#39;lihil‘ll‘lni“sil⁰“&#39;&#39;l‘l‘shll&#39;m&#39;mffl&#39;l&#39;&#39;</span> <span class='ocrx_word' id='word_1_42' title='bbox 1143 744 1245 864; x_wconf 52' lang='lat' dir='ltr'>span.</span> 
     </span>
     <span class='ocr_line' id='line_1_6' title="bbox 78 822 1244 954; baseline 0.005 -28"><span class='ocrx_word' id='word_1_43' title='bbox 78 889 128 943; x_wconf 81' lang='lat' dir='ltr'>que</span> <span class='ocrx_word' id='word_1_44' title='bbox 143 822 341 927; x_wconf 72' lang='lat' dir='ltr'>accommodant</span> <span class='ocrx_word' id='word_1_45' title='bbox 348 872 532 954; x_wconf 67' lang='lat' dir='ltr'>Pythagoram,</span> <span class='ocrx_word' id='word_1_46' title='bbox 541 849 686 941; x_wconf 76' lang='lat' dir='ltr'>Philolaus,</span> <span class='ocrx_word' id='word_1_47' title='bbox 699 825 826 929; x_wconf 49' lang='lat' dir='ltr'>Bhsilltdess</span> <span class='ocrx_word' id='word_1_48' title='bbox 838 825 870 929; x_wconf 68' lang='lat' dir='ltr'>dd</span> <span class='ocrx_word' id='word_1_49' title='bbox 872 826 1106 930; x_wconf 57' lang='lat' dir='ltr'>I&#39;r1slchIIaI1IIIdesu</span> <span class='ocrx_word' id='word_1_50' title='bbox 1106 827 1175 931; x_wconf 58' lang='lat' dir='ltr'>1lide</span> <span class='ocrx_word' id='word_1_51' title='bbox 1188 829 1244 932; x_wconf 65' lang='lat' dir='ltr'>dll-</span> 
     </span>
     <span class='ocr_line' id='line_1_7' title="bbox 76 941 1264 1004; baseline 0.007 -10"><span class='ocrx_word' id='word_1_52' title='bbox 76 946 194 995; x_wconf 86' lang='lat' dir='ltr'>mentem</span> <span class='ocrx_word' id='word_1_53' title='bbox 211 941 378 996; x_wconf 75' lang='lat' dir='ltr'>Alexandmn.</span> <span class='ocrx_word' id='word_1_54' title='bbox 396 943 440 997; x_wconf 87' lang='lat' dir='ltr'>ub.</span> <span class='ocrx_word' id='word_1_55' title='bbox 457 942 481 996; x_wconf 88' lang='grc'>3.</span> <span class='ocrx_word' id='word_1_56' title='bbox 516 942 638 998; x_wconf 85' lang='lat' dir='ltr'>Stromat.</span> <span class='ocrx_word' id='word_1_57' title='bbox 657 951 683 997; x_wconf 89' lang='lat' dir='ltr'>et</span> <span class='ocrx_word' id='word_1_58' title='bbox 699 944 742 997; x_wconf 94' lang='lat' dir='ltr'>lib.</span> <span class='ocrx_word' id='word_1_59' title='bbox 760 942 802 997; x_wconf 89' lang='lat' dir='ltr'>lV.</span> <span class='ocrx_word' id='word_1_60' title='bbox 819 944 864 998; x_wconf 87' lang='lat' dir='ltr'>fol.</span> <span class='ocrx_word' id='word_1_61' title='bbox 882 944 938 998; x_wconf 76' lang='lat'>217.</span> <span class='ocrx_word' id='word_1_62' title='bbox 974 945 1164 999; x_wconf 87' lang='lat' dir='ltr'>Theodoretum</span> <span class='ocrx_word' id='word_1_63' title='bbox 1183 947 1202 1000; x_wconf 85' lang='lat' dir='ltr'>O</span> <span class='ocrx_word' id='word_1_64' title='bbox 1223 950 1264 1004; x_wconf 86' lang='lat' dir='ltr'>ri.</span> 
     </span>
     <span class='ocr_line' id='line_1_8' title="bbox 76 965 1244 1131; baseline 0.004 -69"><span class='ocrx_word' id='word_1_65' title='bbox 76 1009 190 1131; x_wconf 61' lang='lat' dir='ltr'>ppismp.</span> <span class='ocrx_word' id='word_1_66' title='bbox 205 1010 233 1064; x_wconf 92' lang='lat' dir='ltr'>iu</span> <span class='ocrx_word' id='word_1_67' title='bbox 250 1027 264 1063; x_wconf 91' lang='lat' dir='ltr'>e</span> <span class='ocrx_word' id='word_1_68' title='bbox 282 1012 362 1063; x_wconf 91' lang='lat' dir='ltr'>itome</span> <span class='ocrx_word' id='word_1_69' title='bbox 380 1011 487 1066; x_wconf 77' lang='grc' dir='ltr'>όίτίηοτ.</span> <span class='ocrx_word' id='word_1_70' title='bbox 503 1010 628 1065; x_wconf 87' lang='lat' dir='ltr'>decretor.</span> <span class='ocrx_word' id='word_1_71' title='bbox 645 1012 690 1066; x_wconf 83' lang='lat' dir='ltr'>fol.</span> <span class='ocrx_word' id='word_1_72' title='bbox 709 1013 767 1068; x_wconf 77' lang='lat'>400.</span> <span class='ocrx_word' id='word_1_73' title='bbox 784 1021 875 1065; x_wconf 86' lang='lat' dir='ltr'>contra</span> <span class='ocrx_word' id='word_1_74' title='bbox 894 1013 1008 1066; x_wconf 81' lang='lat' dir='ltr'>Graecos</span> <span class='ocrx_word' id='word_1_75' title='bbox 1026 1021 1089 1069; x_wconf 86' lang='lat' dir='ltr'>orat.</span> <span class='ocrx_word' id='word_1_76' title='bbox 1102 1015 1133 1067; x_wconf 92' lang='lat' dir='ltr'>V.</span> <span class='ocrx_word' id='word_1_77' title='bbox 1144 1016 1189 1068; x_wconf 81' lang='lat' dir='ltr'>iol.</span> <span class='ocrx_word' id='word_1_78' title='bbox 1202 965 1244 1068; x_wconf 76' lang='lat' dir='ltr'>ll.</span> 
     </span>
    </p>

    <p class='ocr_par' dir='ltr' id='par_1_3' title="bbox 72 1077 1243 1828">
     <span class='ocr_line' id='line_1_9' title="bbox 101 1077 1242 1149; baseline 0.006 -19"><span class='ocrx_word' id='word_1_79' title='bbox 101 1094 159 1149; x_wconf 88' lang='lat' dir='ltr'>ncep</span> <span class='ocrx_word' id='word_1_80' title='bbox 179 1095 216 1133; x_wconf 91' lang='lat' dir='ltr'>or.</span> <span class='ocrx_word' id='word_1_81' title='bbox 234 1077 270 1132; x_wconf 83' lang='lat' dir='ltr'>Oa</span> <span class='ocrx_word' id='word_1_82' title='bbox 292 1079 370 1131; x_wconf 86' lang='lat' dir='ltr'>&#39;tum</span> <span class='ocrx_word' id='word_1_83' title='bbox 388 1080 529 1134; x_wconf 78' lang='lat' dir='ltr'>ecclesiast.</span> <span class='ocrx_word' id='word_1_84' title='bbox 549 1080 639 1133; x_wconf 89' lang='lat' dir='ltr'>histor.</span> <span class='ocrx_word' id='word_1_85' title='bbox 657 1082 701 1133; x_wconf 89' lang='lat' dir='ltr'>lib.</span> <span class='ocrx_word' id='word_1_86' title='bbox 713 1082 743 1134; x_wconf 91' lang='lat' dir='ltr'>V.</span> <span class='ocrx_word' id='word_1_87' title='bbox 763 1097 785 1133; x_wconf 88' lang='lat' dir='ltr'>u.</span> <span class='ocrx_word' id='word_1_88' title='bbox 796 1081 922 1135; x_wconf 81' lang='lat' dir='ltr'>XXXIII.</span> <span class='ocrx_word' id='word_1_89' title='bbox 935 1083 977 1135; x_wconf 93' lang='lat' dir='ltr'>lib.</span> <span class='ocrx_word' id='word_1_90' title='bbox 991 1082 1084 1136; x_wconf 87' lang='lat' dir='ltr'>XVllI.</span> <span class='ocrx_word' id='word_1_91' title='bbox 1099 1100 1120 1135; x_wconf 91' lang='lat' dir='ltr'>c.</span> <span class='ocrx_word' id='word_1_92' title='bbox 1132 1084 1242 1137; x_wconf 83' lang='lat' dir='ltr'>XXVII.</span> 
     </span>
     <span class='ocr_line' id='line_1_10' title="bbox 77 1147 1242 1230; baseline 0.003 -30"><span class='ocrx_word' id='word_1_93' title='bbox 77 1147 216 1217; x_wconf 81' lang='lat' dir='ltr'>Augustin.</span> <span class='ocrx_word' id='word_1_94' title='bbox 229 1147 261 1201; x_wconf 93' lang='lat' dir='ltr'>de</span> <span class='ocrx_word' id='word_1_95' title='bbox 277 1153 385 1217; x_wconf 72' lang='lat' dir='ltr'>peccato</span> <span class='ocrx_word' id='word_1_96' title='bbox 402 1149 530 1217; x_wconf 87' lang='lat' dir='ltr'>origenali</span> <span class='ocrx_word' id='word_1_97' title='bbox 546 1153 635 1201; x_wconf 88' lang='lat' dir='ltr'>contra</span> <span class='ocrx_word' id='word_1_98' title='bbox 646 1149 780 1219; x_wconf 80' lang='lat' dir='ltr'>Pelagium</span> <span class='ocrx_word' id='word_1_99' title='bbox 791 1151 836 1202; x_wconf 91' lang='lat' dir='ltr'>lib.</span> <span class='ocrx_word' id='word_1_100' title='bbox 849 1150 872 1202; x_wconf 73' lang='lat'>2.</span> <span class='ocrx_word' id='word_1_101' title='bbox 885 1167 941 1230; x_wconf 86' lang='lat' dir='ltr'>cap.</span> <span class='ocrx_word' id='word_1_102' title='bbox 954 1151 1055 1204; x_wconf 81' lang='lat' dir='ltr'>XXXI.</span> <span class='ocrx_word' id='word_1_103' title='bbox 1068 1152 1099 1203; x_wconf 91' lang='lat' dir='ltr'>de</span> <span class='ocrx_word' id='word_1_104' title='bbox 1115 1159 1242 1221; x_wconf 89' lang='lat' dir='ltr'>peccator.</span> 
     </span>
     <span class='ocr_line' id='line_1_11' title="bbox 76 1215 1242 1289; baseline 0.003 -21"><span class='ocrx_word' id='word_1_105' title='bbox 76 1215 177 1269; x_wconf 84' lang='lat' dir='ltr'>meritis</span> <span class='ocrx_word' id='word_1_106' title='bbox 195 1221 222 1268; x_wconf 88' lang='lat' dir='ltr'>et</span> <span class='ocrx_word' id='word_1_107' title='bbox 238 1216 390 1269; x_wconf 84' lang='lat' dir='ltr'>remissione</span> <span class='ocrx_word' id='word_1_108' title='bbox 406 1217 451 1268; x_wconf 91' lang='lat' dir='ltr'>lib.</span> <span class='ocrx_word' id='word_1_109' title='bbox 463 1216 482 1269; x_wconf 94' lang='lat' dir='ltr'>l.</span> <span class='ocrx_word' id='word_1_110' title='bbox 495 1232 551 1287; x_wconf 89' lang='lat' dir='ltr'>cap.</span> <span class='ocrx_word' id='word_1_111' title='bbox 562 1217 649 1271; x_wconf 84' lang='lat' dir='ltr'>XXII.</span> <span class='ocrx_word' id='word_1_112' title='bbox 677 1217 813 1271; x_wconf 84' lang='lat' dir='ltr'>Ruiiinum</span> <span class='ocrx_word' id='word_1_113' title='bbox 828 1219 957 1271; x_wconf 80' lang='lat' dir='ltr'>invectiva</span> <span class='ocrx_word' id='word_1_114' title='bbox 973 1219 993 1270; x_wconf 92' lang='grc' dir='ltr'>Ι.</span> <span class='ocrx_word' id='word_1_115' title='bbox 1010 1220 1036 1272; x_wconf 92' lang='lat' dir='ltr'>iu</span> <span class='ocrx_word' id='word_1_116' title='bbox 1054 1220 1242 1289; x_wconf 82' lang='lat' dir='ltr'>Hieronymum</span> 
     </span>
     <span class='ocr_line' id='line_1_12' title="bbox 74 1282 1243 1357; baseline 0.003 -20"><span class='ocrx_word' id='word_1_117' title='bbox 74 1282 122 1339; x_wconf 84' lang='lat' dir='ltr'>tol.</span> <span class='ocrx_word' id='word_1_118' title='bbox 136 1283 176 1336; x_wconf 80' lang='lat' dir='ltr'>lt.</span> <span class='ocrx_word' id='word_1_119' title='bbox 204 1285 319 1337; x_wconf 85' lang='lat' dir='ltr'>Leonem</span> <span class='ocrx_word' id='word_1_120' title='bbox 329 1284 378 1338; x_wconf 90' lang='grc' dir='ltr'>ΡΡ.</span> <span class='ocrx_word' id='word_1_121' title='bbox 396 1284 415 1337; x_wconf 93' lang='lat'>1.</span> <span class='ocrx_word' id='word_1_122' title='bbox 433 1286 544 1354; x_wconf 90' lang='lat' dir='ltr'>epistola</span> <span class='ocrx_word' id='word_1_123' title='bbox 559 1285 592 1338; x_wconf 86' lang='lat' dir='ltr'>ad</span> <span class='ocrx_word' id='word_1_124' title='bbox 609 1287 735 1339; x_wconf 84' lang='lat' dir='ltr'>Turbium</span> <span class='ocrx_word' id='word_1_125' title='bbox 751 1287 895 1341; x_wconf 86' lang='lat' dir='ltr'>Asturiens.</span> <span class='ocrx_word' id='word_1_126' title='bbox 913 1288 999 1357; x_wconf 88' lang='lat' dir='ltr'>episco</span> <span class='ocrx_word' id='word_1_127' title='bbox 1019 1328 1025 1340; x_wconf 99' lang='lat'>.</span> <span class='ocrx_word' id='word_1_128' title='bbox 1042 1293 1105 1342; x_wconf 87' lang='lat' dir='ltr'>tom.</span> <span class='ocrx_word' id='word_1_129' title='bbox 1117 1289 1137 1341; x_wconf 90' lang='lat' dir='ltr'>I.</span> <span class='ocrx_word' id='word_1_130' title='bbox 1151 1290 1243 1341; x_wconf 88' lang='lat' dir='ltr'>concil.</span> 
     </span>
     <span class='ocr_line' id='line_1_13' title="bbox 75 1305 1241 1437; baseline 0.003 -32"><span class='ocrx_word' id='word_1_131' title='bbox 75 1368 133 1423; x_wconf 84' lang='lat' dir='ltr'>sap.</span> <span class='ocrx_word' id='word_1_132' title='bbox 145 1352 180 1405; x_wconf 90' lang='lat' dir='ltr'>X.</span> <span class='ocrx_word' id='word_1_133' title='bbox 209 1353 340 1405; x_wconf 83' lang='lat' dir='ltr'>Adnotsta</span> <span class='ocrx_word' id='word_1_134' title='bbox 358 1353 389 1405; x_wconf 88' lang='lat' dir='ltr'>ad</span> <span class='ocrx_word' id='word_1_135' title='bbox 405 1354 513 1406; x_wconf 88' lang='lat' dir='ltr'>Arnobii</span> <span class='ocrx_word' id='word_1_136' title='bbox 528 1355 574 1408; x_wconf 90' lang='lat' dir='ltr'>lib.</span> <span class='ocrx_word' id='word_1_137' title='bbox 592 1354 611 1406; x_wconf 94' lang='lat'>1.</span> <span class='ocrx_word' id='word_1_138' title='bbox 628 1355 673 1409; x_wconf 88' lang='lat' dir='ltr'>fol.</span> <span class='ocrx_word' id='word_1_139' title='bbox 695 1356 732 1408; x_wconf 80' lang='lat'>16.</span> <span class='ocrx_word' id='word_1_140' title='bbox 762 1354 782 1408; x_wconf 88' lang='lat' dir='ltr'>O</span> <span class='ocrx_word' id='word_1_141' title='bbox 801 1356 873 1408; x_wconf 89' lang='lat' dir='ltr'>riilne</span> <span class='ocrx_word' id='word_1_142' title='bbox 891 1305 1017 1408; x_wconf 78' lang='lat' dir='ltr'>Ilierosol</span> <span class='ocrx_word' id='word_1_143' title='bbox 1027 1374 1061 1408; x_wconf 90' lang='lat' dir='ltr'>m.</span> <span class='ocrx_word' id='word_1_144' title='bbox 1079 1357 1199 1437; x_wconf 64' lang='grc' dir='ltr'>κατηχήσ.</span> <span class='ocrx_word' id='word_1_145' title='bbox 1219 1358 1241 1408; x_wconf 86' lang='grc' dir='ltr'>δ.</span> 
     </span>
     <span class='ocr_line' id='line_1_14' title="bbox 75 1374 1242 1493; baseline 0.005 -22"><span class='ocrx_word' id='word_1_146' title='bbox 75 1422 170 1489; x_wconf 58' lang='lat' dir='ltr'>amanto</span> <span class='ocrx_word' id='word_1_147' title='bbox 202 1439 250 1472; x_wconf 89' lang='grc' dir='ltr'>νων</span> <span class='ocrx_word' id='word_1_148' title='bbox 262 1419 286 1472; x_wconf 77' lang='grc' dir='ltr'>ἰν</span> <span class='ocrx_word' id='word_1_149' title='bbox 295 1419 474 1490; x_wconf 78' lang='grc' dir='ltr'>Ἱεροσυλόμοις</span> <span class='ocrx_word' id='word_1_150' title='bbox 505 1423 562 1474; x_wconf 86' lang='grc'><strong>.16.</strong></span> <span class='ocrx_word' id='word_1_151' title='bbox 582 1419 692 1475; x_wconf 77' lang='lat' dir='ltr'>Misellum</span> <span class='ocrx_word' id='word_1_152' title='bbox 704 1421 741 1474; x_wconf 84' lang='grc' dir='ltr'>ότι</span> <span class='ocrx_word' id='word_1_153' title='bbox 753 1441 807 1493; x_wconf 79' lang='lat' dir='ltr'>aps</span> <span class='ocrx_word' id='word_1_154' title='bbox 822 1441 888 1492; x_wconf 82' lang='grc' dir='ltr'>παρα</span> <span class='ocrx_word' id='word_1_155' title='bbox 905 1423 987 1488; x_wconf 72' lang='lat' dir='ltr'>isurun</span> <span class='ocrx_word' id='word_1_156' title='bbox 999 1374 1030 1483; x_wconf 66' lang='grc' dir='ltr'>τός</span> <span class='ocrx_word' id='word_1_157' title='bbox 1043 1424 1113 1475; x_wconf 83' lang='grc' dir='ltr'>τόνδε</span> <span class='ocrx_word' id='word_1_158' title='bbox 1127 1442 1169 1475; x_wconf 89' lang='grc' dir='ltr'>τον</span> <span class='ocrx_word' id='word_1_159' title='bbox 1183 1427 1242 1477; x_wconf 86' lang='grc' dir='ltr'>κόσ-</span> 
     </span>
     <span class='ocr_line' id='line_1_15' title="bbox 75 1439 1243 1562; baseline 0.002 -21"><span class='ocrx_word' id='word_1_160' title='bbox 75 1486 150 1559; x_wconf 62' lang='lat' dir='ltr'>perh</span> <span class='ocrx_word' id='word_1_161' title='bbox 183 1487 246 1560; x_wconf 79' lang='grc' dir='ltr'><strong>υχὴ,</strong></span> <span class='ocrx_word' id='word_1_162' title='bbox 260 1488 330 1541; x_wconf 77' lang='grc' dir='ltr'>οὐδὲν</span> <span class='ocrx_word' id='word_1_163' title='bbox 339 1489 454 1558; x_wconf 73' lang='grc' dir='ltr'>ἥμαρτεν,</span> <span class='ocrx_word' id='word_1_164' title='bbox 467 1439 523 1541; x_wconf 62' lang='lat' dir='ltr'>III’</span> <span class='ocrx_word' id='word_1_165' title='bbox 533 1488 644 1551; x_wconf 68' lang='grc' dir='ltr'>ἐλθόντες</span> <span class='ocrx_word' id='word_1_166' title='bbox 655 1489 827 1561; x_wconf 72' lang='grc' dir='ltr'>ἀναμάρτητοι,</span> <span class='ocrx_word' id='word_1_167' title='bbox 840 1496 880 1543; x_wconf 84' lang='grc' dir='ltr'>νῦν</span> <span class='ocrx_word' id='word_1_168' title='bbox 890 1442 919 1543; x_wconf 67' lang='lat' dir='ltr'>la</span> <span class='ocrx_word' id='word_1_169' title='bbox 931 1510 949 1542; x_wconf 83' lang='lat' dir='ltr'>a</span> <span class='ocrx_word' id='word_1_170' title='bbox 966 1492 1093 1561; x_wconf 78' lang='grc' dir='ltr'>οαιρέσεως</span> <span class='ocrx_word' id='word_1_171' title='bbox 1106 1490 1243 1562; x_wconf 69' lang='grc' dir='ltr'>ἁμαρτάνο-</span> 
     </span>
     <span class='ocr_line' id='line_1_16' title="bbox 75 1511 1241 1629; baseline 0.005 -22"><span class='ocrx_word' id='word_1_172' title='bbox 75 1574 128 1626; x_wconf 76' lang='grc' dir='ltr'>μεν.</span> <span class='ocrx_word' id='word_1_173' title='bbox 184 1561 235 1609; x_wconf 88' lang='lat' dir='ltr'>isce</span> <span class='ocrx_word' id='word_1_174' title='bbox 251 1560 317 1626; x_wconf 83' lang='lat' dir='ltr'>qnod</span> <span class='ocrx_word' id='word_1_175' title='bbox 329 1561 479 1626; x_wconf 68' lang='lat' dir='ltr'>priusquam</span> <span class='ocrx_word' id='word_1_176' title='bbox 496 1563 524 1610; x_wconf 85' lang='lat' dir='ltr'>in</span> <span class='ocrx_word' id='word_1_177' title='bbox 540 1559 586 1610; x_wconf 82' lang='lat' dir='ltr'>boc</span> <span class='ocrx_word' id='word_1_178' title='bbox 602 1562 693 1612; x_wconf 83' lang='lat' dir='ltr'>mundo</span> <span class='ocrx_word' id='word_1_179' title='bbox 711 1563 812 1612; x_wconf 85' lang='lat' dir='ltr'>adesset</span> <span class='ocrx_word' id='word_1_180' title='bbox 822 1564 909 1612; x_wconf 88' lang='lat' dir='ltr'>anima</span> <span class='ocrx_word' id='word_1_181' title='bbox 923 1511 988 1612; x_wconf 72' lang='lat' dir='ltr'>nihil</span> <span class='ocrx_word' id='word_1_182' title='bbox 996 1565 1129 1629; x_wconf 76' lang='lat' dir='ltr'>peccaret:</span> <span class='ocrx_word' id='word_1_183' title='bbox 1145 1565 1191 1614; x_wconf 82' lang='lat' dir='ltr'>secl</span> <span class='ocrx_word' id='word_1_184' title='bbox 1201 1581 1241 1613; x_wconf 79' lang='lat' dir='ltr'>ue·</span> 
     </span>
     <span class='ocr_line' id='line_1_17' title="bbox 75 1628 1240 1696; baseline 0.004 -19"><span class='ocrx_word' id='word_1_185' title='bbox 75 1630 170 1677; x_wconf 85' lang='lat' dir='ltr'>aientes</span> <span class='ocrx_word' id='word_1_186' title='bbox 181 1630 236 1678; x_wconf 86' lang='lat' dir='ltr'>sine</span> <span class='ocrx_word' id='word_1_187' title='bbox 242 1636 360 1695; x_wconf 85' lang='lat' dir='ltr'>peccato,</span> <span class='ocrx_word' id='word_1_188' title='bbox 373 1645 437 1677; x_wconf 84' lang='lat' dir='ltr'>nunc</span> <span class='ocrx_word' id='word_1_189' title='bbox 450 1645 480 1677; x_wconf 79' lang='lat' dir='ltr'>es</span> <span class='ocrx_word' id='word_1_190' title='bbox 492 1637 575 1678; x_wconf 73' lang='lat' dir='ltr'>trustra</span> <span class='ocrx_word' id='word_1_191' title='bbox 588 1629 695 1680; x_wconf 80' lang='lat' dir='ltr'>arbitrio</span> <span class='ocrx_word' id='word_1_192' title='bbox 703 1647 849 1696; x_wconf 76' lang='lat' dir='ltr'>peccamus.</span> <span class='ocrx_word' id='word_1_193' title='bbox 870 1628 1125 1681; x_wconf 82' lang='lat' dir='ltr'>ConcilBracsrense</span> <span class='ocrx_word' id='word_1_194' title='bbox 1136 1630 1156 1682; x_wconf 92' lang='lat' dir='ltr'>l.</span> <span class='ocrx_word' id='word_1_195' title='bbox 1166 1647 1188 1682; x_wconf 85' lang='lat' dir='ltr'>c.</span> <span class='ocrx_word' id='word_1_196' title='bbox 1198 1630 1240 1683; x_wconf 91' lang='lat' dir='ltr'>VI.</span> 
     </span>
     <span class='ocr_line' id='line_1_18' title="bbox 72 1693 1241 1767; baseline 0.003 -22"><span class='ocrx_word' id='word_1_197' title='bbox 72 1693 105 1745; x_wconf 71' lang='lat' dir='ltr'>ss·</span> <span class='ocrx_word' id='word_1_198' title='bbox 114 1698 171 1762; x_wconf 85' lang='lat' dir='ltr'>quis</span> <span class='ocrx_word' id='word_1_199' title='bbox 183 1699 284 1746; x_wconf 82' lang='lat' dir='ltr'>animas</span> <span class='ocrx_word' id='word_1_200' title='bbox 295 1694 420 1746; x_wconf 81' lang='lat' dir='ltr'>hunnanas</span> <span class='ocrx_word' id='word_1_201' title='bbox 432 1697 497 1746; x_wconf 82' lang='lat' dir='ltr'>dicit</span> <span class='ocrx_word' id='word_1_202' title='bbox 507 1699 583 1764; x_wconf 88' lang='lat' dir='ltr'>prius</span> <span class='ocrx_word' id='word_1_203' title='bbox 598 1701 626 1747; x_wconf 87' lang='lat' dir='ltr'>in</span> <span class='ocrx_word' id='word_1_204' title='bbox 638 1697 744 1747; x_wconf 87' lang='lat' dir='ltr'>caelesti</span> <span class='ocrx_word' id='word_1_205' title='bbox 754 1696 911 1749; x_wconf 81' lang='lat' dir='ltr'>habitatione</span> <span class='ocrx_word' id='word_1_206' title='bbox 917 1716 1050 1766; x_wconf 78' lang='lat' dir='ltr'>peccasse,</span> <span class='ocrx_word' id='word_1_207' title='bbox 1063 1707 1143 1767; x_wconf 87' lang='lat' dir='ltr'>etpro</span> <span class='ocrx_word' id='word_1_208' title='bbox 1156 1698 1202 1751; x_wconf 82' lang='lat' dir='ltr'>hoc</span> <span class='ocrx_word' id='word_1_209' title='bbox 1216 1703 1241 1748; x_wconf 87' lang='lat' dir='ltr'>in</span> 
     </span>
     <span class='ocr_line' id='line_1_19' title="bbox 75 1763 1150 1828; baseline 0.004 -13"><span class='ocrx_word' id='word_1_210' title='bbox 75 1778 121 1816; x_wconf 84' lang='lat' dir='ltr'>cor</span> <span class='ocrx_word' id='word_1_211' title='bbox 154 1782 187 1815; x_wconf 88' lang='lat' dir='ltr'>ra</span> <span class='ocrx_word' id='word_1_212' title='bbox 199 1763 311 1814; x_wconf 77' lang='lat' dir='ltr'>bumana</span> <span class='ocrx_word' id='word_1_213' title='bbox 323 1767 350 1814; x_wconf 83' lang='lat' dir='ltr'>in</span> <span class='ocrx_word' id='word_1_214' title='bbox 363 1771 456 1814; x_wconf 86' lang='lat' dir='ltr'>terram</span> <span class='ocrx_word' id='word_1_215' title='bbox 470 1765 589 1825; x_wconf 83' lang='lat' dir='ltr'>deiectas,</span> <span class='ocrx_word' id='word_1_216' title='bbox 600 1769 668 1815; x_wconf 76' lang='lat' dir='ltr'>sicia</span> <span class='ocrx_word' id='word_1_217' title='bbox 677 1765 860 1817; x_wconf 77' lang='lat' dir='ltr'>Priscillianus</span> <span class='ocrx_word' id='word_1_218' title='bbox 872 1767 944 1828; x_wconf 77' lang='lat' dir='ltr'>dixit,</span> <span class='ocrx_word' id='word_1_219' title='bbox 957 1766 1094 1817; x_wconf 81' lang='lat' dir='ltr'>arratdema</span> <span class='ocrx_word' id='word_1_220' title='bbox 1109 1770 1150 1820; x_wconf 87' lang='lat' dir='ltr'>sit.</span> 
     </span>
    </p>

    <p class='ocr_par' dir='ltr' id='par_1_4' title="bbox 73 1830 1241 2116">
     <span class='ocr_line' id='line_1_20' title="bbox 138 1830 1241 1902; baseline 0.004 -20"><span class='ocrx_word' id='word_1_221' title='bbox 138 1830 164 1883; x_wconf 63' lang='lat' dir='ltr'>Ye</span> <span class='ocrx_word' id='word_1_222' title='bbox 184 1848 216 1883; x_wconf 91' lang='lat' dir='ltr'>ue</span> <span class='ocrx_word' id='word_1_223' title='bbox 233 1848 294 1883; x_wconf 88' lang='lat' dir='ltr'>cum</span> <span class='ocrx_word' id='word_1_224' title='bbox 311 1832 461 1900; x_wconf 85' lang='lat' dir='ltr'>corporibus</span> <span class='ocrx_word' id='word_1_225' title='bbox 480 1849 526 1901; x_wconf 89' lang='lat' dir='ltr'>per</span> <span class='ocrx_word' id='word_1_226' title='bbox 542 1833 639 1884; x_wconf 88' lang='lat' dir='ltr'>coitum</span> <span class='ocrx_word' id='word_1_227' title='bbox 655 1834 828 1900; x_wconf 87' lang='lat' dir='ltr'>seminantur]</span> <span class='ocrx_word' id='word_1_228' title='bbox 853 1835 936 1887; x_wconf 90' lang='lat' dir='ltr'>Autor</span> <span class='ocrx_word' id='word_1_229' title='bbox 953 1834 983 1886; x_wconf 89' lang='lat' dir='ltr'>de</span> <span class='ocrx_word' id='word_1_230' title='bbox 1001 1835 1092 1902; x_wconf 87' lang='lat' dir='ltr'>spiritu</span> <span class='ocrx_word' id='word_1_231' title='bbox 1109 1840 1135 1886; x_wconf 88' lang='lat' dir='ltr'>et</span> <span class='ocrx_word' id='word_1_232' title='bbox 1152 1836 1241 1887; x_wconf 88' lang='lat' dir='ltr'>anima</span> 
     </span>
     <span class='ocr_line' id='line_1_21' title="bbox 74 1848 1240 1970; baseline 0.003 -19"><span class='ocrx_word' id='word_1_233' title='bbox 74 1914 97 1951; x_wconf 83' lang='lat' dir='ltr'>c.</span> <span class='ocrx_word' id='word_1_234' title='bbox 108 1848 225 1952; x_wconf 64' lang='lat' dir='ltr'>XLVIII.</span> <span class='ocrx_word' id='word_1_235' title='bbox 243 1901 354 1951; x_wconf 80' lang='lat' dir='ltr'>Animae</span> <span class='ocrx_word' id='word_1_236' title='bbox 367 1918 414 1951; x_wconf 91' lang='lat' dir='ltr'>non</span> <span class='ocrx_word' id='word_1_237' title='bbox 423 1918 473 1968; x_wconf 87' lang='lat' dir='ltr'>per</span> <span class='ocrx_word' id='word_1_238' title='bbox 485 1905 575 1952; x_wconf 88' lang='lat' dir='ltr'>coitum</span> <span class='ocrx_word' id='word_1_239' title='bbox 588 1920 641 1951; x_wconf 88' lang='lat' dir='ltr'>cum</span> <span class='ocrx_word' id='word_1_240' title='bbox 655 1903 802 1970; x_wconf 78' lang='lat' dir='ltr'>corporibus</span> <span class='ocrx_word' id='word_1_241' title='bbox 813 1907 978 1964; x_wconf 78' lang='lat' dir='ltr'>seminantur,</span> <span class='ocrx_word' id='word_1_242' title='bbox 991 1907 1057 1953; x_wconf 85' lang='lat' dir='ltr'>sicut</span> <span class='ocrx_word' id='word_1_243' title='bbox 1068 1903 1240 1970; x_wconf 83' lang='lat' dir='ltr'>Luciferiaru&#39;,</span> 
     </span>
     <span class='ocr_line' id='line_1_22' title="bbox 74 1967 1239 2038; baseline 0.003 -18"><span class='ocrx_word' id='word_1_244' title='bbox 74 1976 99 2020; x_wconf 80' lang='lat' dir='ltr'>et</span> <span class='ocrx_word' id='word_1_245' title='bbox 110 1967 229 2035; x_wconf 69' lang='lat' dir='ltr'>cyrillus,</span> <span class='ocrx_word' id='word_1_246' title='bbox 242 1977 267 2019; x_wconf 87' lang='lat' dir='ltr'>et</span> <span class='ocrx_word' id='word_1_247' title='bbox 277 1969 358 2037; x_wconf 79' lang='lat' dir='ltr'>als&#39;qui</span> <span class='ocrx_word' id='word_1_248' title='bbox 369 1967 520 2019; x_wconf 83' lang='lat' dir='ltr'>Latinorum</span> <span class='ocrx_word' id='word_1_249' title='bbox 535 1987 653 2038; x_wconf 68' lang='lat' dir='ltr'>piraeeum</span> <span class='ocrx_word' id='word_1_250' title='bbox 674 1979 740 2020; x_wconf 90' lang='lat' dir='ltr'>tores</span> <span class='ocrx_word' id='word_1_251' title='bbox 756 1973 895 2038; x_wconf 76' lang='lat' dir='ltr'>affirmant.</span> <span class='ocrx_word' id='word_1_252' title='bbox 925 1971 989 2024; x_wconf 82' lang='lat' dir='ltr'>Vide</span> <span class='ocrx_word' id='word_1_253' title='bbox 1006 1970 1148 2023; x_wconf 81' lang='lat' dir='ltr'>Eusebium</span> <span class='ocrx_word' id='word_1_254' title='bbox 1164 1971 1239 2024; x_wconf 80' lang='lat' dir='ltr'>Paul·</span> 
     </span>
     <span class='ocr_line' id='line_1_23' title="bbox 73 2034 919 2116; baseline 0.002 -28"><span class='ocrx_word' id='word_1_255' title='bbox 73 2034 137 2108; x_wconf 89' lang='lat' dir='ltr'>phil.</span> <span class='ocrx_word' id='word_1_256' title='bbox 150 2037 271 2116; x_wconf 82' lang='lat' dir='ltr'>apologia</span> <span class='ocrx_word' id='word_1_257' title='bbox 300 2054 328 2088; x_wconf 91' lang='lat' dir='ltr'>ro</span> <span class='ocrx_word' id='word_1_258' title='bbox 341 2035 452 2105; x_wconf 83' lang='lat' dir='ltr'>Origene</span> <span class='ocrx_word' id='word_1_259' title='bbox 461 2037 507 2088; x_wconf 85' lang='lat' dir='ltr'>fol.</span> <span class='ocrx_word' id='word_1_260' title='bbox 519 2037 577 2100; x_wconf 74' lang='lat' dir='ltr'>est.</span> <span class='ocrx_word' id='word_1_261' title='bbox 591 2053 641 2106; x_wconf 88' lang='lat' dir='ltr'>apu</span> <span class='ocrx_word' id='word_1_262' title='bbox 673 2036 812 2106; x_wconf 82' lang='lat' dir='ltr'>OrIgenem</span> <span class='ocrx_word' id='word_1_263' title='bbox 823 2045 886 2092; x_wconf 91' lang='lat' dir='ltr'>tom.</span> <span class='ocrx_word' id='word_1_264' title='bbox 900 2038 919 2090; x_wconf 93' lang='lat'>1.</span> 
     </span>
    </p>

    <p class='ocr_par' dir='ltr' id='par_1_5' title="bbox 70 2053 1242 2869">
     <span class='ocr_line' id='line_1_24' title="bbox 123 2053 1242 2223; baseline 0.001 -66"><span class='ocrx_word' id='word_1_265' title='bbox 123 2053 299 2223; x_wconf 53' lang='lat' dir='ltr'>Lucit&#39;ensnij</span> <span class='ocrx_word' id='word_1_266' title='bbox 309 2105 472 2173; x_wconf 78' lang='lat' dir='ltr'>Augustinus</span> <span class='ocrx_word' id='word_1_267' title='bbox 485 2105 516 2156; x_wconf 91' lang='lat' dir='ltr'>de</span> <span class='ocrx_word' id='word_1_268' title='bbox 528 2102 676 2158; x_wconf 80' lang='lat' dir='ltr'>haeresibus</span> <span class='ocrx_word' id='word_1_269' title='bbox 689 2122 745 2175; x_wconf 86' lang='lat' dir='ltr'>cap.</span> <span class='ocrx_word' id='word_1_270' title='bbox 757 2105 880 2159; x_wconf 88' lang='lat' dir='ltr'>LXXXI.</span> <span class='ocrx_word' id='word_1_271' title='bbox 898 2107 1063 2174; x_wconf 80' lang='lat' dir='ltr'>Luciferiani</span> <span class='ocrx_word' id='word_1_272' title='bbox 1074 2125 1128 2158; x_wconf 85' lang='lat' dir='ltr'>cnm</span> <span class='ocrx_word' id='word_1_273' title='bbox 1140 2118 1242 2159; x_wconf 86' lang='lat' dir='ltr'>teneant</span> 
     </span>
     <span class='ocr_line' id='line_1_25' title="bbox 71 2173 1240 2243; baseline 0.001 -18"><span class='ocrx_word' id='word_1_274' title='bbox 71 2176 101 2225; x_wconf 83' lang='lat' dir='ltr'>in</span> <span class='ocrx_word' id='word_1_275' title='bbox 112 2174 225 2224; x_wconf 83' lang='lat' dir='ltr'>omnihus</span> <span class='ocrx_word' id='word_1_276' title='bbox 234 2183 278 2224; x_wconf 87' lang='lat' dir='ltr'>cat</span> <span class='ocrx_word' id='word_1_277' title='bbox 295 2175 387 2227; x_wconf 89' lang='lat' dir='ltr'>alicam</span> <span class='ocrx_word' id='word_1_278' title='bbox 399 2177 539 2236; x_wconf 84' lang='lat' dir='ltr'>ceritatem,</span> <span class='ocrx_word' id='word_1_279' title='bbox 551 2179 578 2224; x_wconf 84' lang='lat' dir='ltr'>in</span> <span class='ocrx_word' id='word_1_280' title='bbox 590 2173 636 2225; x_wconf 86' lang='lat' dir='ltr'>hoc</span> <span class='ocrx_word' id='word_1_281' title='bbox 649 2192 736 2226; x_wconf 88' lang='lat' dir='ltr'>errare</span> <span class='ocrx_word' id='word_1_282' title='bbox 745 2176 889 2226; x_wconf 87' lang='lat' dir='ltr'>stultissimo</span> <span class='ocrx_word' id='word_1_283' title='bbox 899 2176 1076 2243; x_wconf 83' lang='lat' dir='ltr'>prolabuntur,</span> <span class='ocrx_word' id='word_1_284' title='bbox 1091 2185 1118 2226; x_wconf 92' lang='lat' dir='ltr'>ut</span> <span class='ocrx_word' id='word_1_285' title='bbox 1128 2179 1240 2226; x_wconf 78' lang='lat' dir='ltr'>ursinam</span> 
     </span>
     <span class='ocr_line' id='line_1_26' title="bbox 74 2243 1238 2311; baseline 0.002 -18"><span class='ocrx_word' id='word_1_286' title='bbox 74 2243 165 2294; x_wconf 77' lang='lat' dir='ltr'>(litant</span> <span class='ocrx_word' id='word_1_287' title='bbox 181 2260 211 2293; x_wconf 78' lang='lat' dir='ltr'>es</span> <span class='ocrx_word' id='word_1_288' title='bbox 228 2245 398 2310; x_wconf 75' lang='lat' dir='ltr'>transfusione</span> <span class='ocrx_word' id='word_1_289' title='bbox 408 2245 531 2309; x_wconf 70' lang='lat' dir='ltr'>perterreri</span> <span class='ocrx_word' id='word_1_290' title='bbox 543 2244 694 2311; x_wconf 83' lang='lat' dir='ltr'>eandemque</span> <span class='ocrx_word' id='word_1_291' title='bbox 707 2245 795 2295; x_wconf 83' lang='lat' dir='ltr'>dicunt</span> <span class='ocrx_word' id='word_1_292' title='bbox 805 2252 830 2295; x_wconf 89' lang='lat' dir='ltr'>ct</span> <span class='ocrx_word' id='word_1_293' title='bbox 841 2245 872 2295; x_wconf 85' lang='lat' dir='ltr'>cle</span> <span class='ocrx_word' id='word_1_294' title='bbox 884 2262 971 2306; x_wconf 85' lang='lat' dir='ltr'>carne,</span> <span class='ocrx_word' id='word_1_295' title='bbox 985 2253 1008 2294; x_wconf 88' lang='lat' dir='ltr'>ct</span> <span class='ocrx_word' id='word_1_296' title='bbox 1020 2248 1107 2294; x_wconf 87' lang='lat' dir='ltr'>curm&#39;s</span> <span class='ocrx_word' id='word_1_297' title='bbox 1119 2262 1171 2295; x_wconf 88' lang='lat' dir='ltr'>esse</span> <span class='ocrx_word' id='word_1_298' title='bbox 1183 2245 1238 2295; x_wconf 85' lang='lat' dir='ltr'>sub·</span> 
     </span>
     <span class='ocr_line' id='line_1_27' title="bbox 71 2318 1238 2500; baseline 0.002 -70"><span class='ocrx_word' id='word_1_299' title='bbox 71 2318 211 2448; x_wconf 59' lang='lat' dir='ltr'>mhllldhi</span> <span class='ocrx_word' id='word_1_300' title='bbox 221 2377 373 2430; x_wconf 85' lang='lat' dir='ltr'>Latinorum</span> <span class='ocrx_word' id='word_1_301' title='bbox 384 2382 610 2499; x_wconf 56' lang='lat' dir='ltr'>praesumptoresp</span> <span class='ocrx_word' id='word_1_302' title='bbox 623 2379 812 2432; x_wconf 82' lang='lat' dir='ltr'>Tertullianum</span> <span class='ocrx_word' id='word_1_303' title='bbox 824 2379 953 2500; x_wconf 59' lang='lat' dir='ltr'>designat,</span> <span class='ocrx_word' id='word_1_304' title='bbox 983 2381 1009 2431; x_wconf 90' lang='lat' dir='ltr'>ui</span> <span class='ocrx_word' id='word_1_305' title='bbox 1022 2381 1136 2433; x_wconf 85' lang='lat' dir='ltr'>animam</span> <span class='ocrx_word' id='word_1_306' title='bbox 1145 2397 1178 2432; x_wconf 84' lang='lat' dir='ltr'>ex</span> <span class='ocrx_word' id='word_1_307' title='bbox 1189 2385 1238 2432; x_wconf 89' lang='lat' dir='ltr'>tra·</span> 
     </span>
     <span class='ocr_line' id='line_1_28' title="bbox 72 2446 1238 2501; baseline 0.002 -2"><span class='ocrx_word' id='word_1_308' title='bbox 72 2446 138 2499; x_wconf 84' lang='lat' dir='ltr'>duce</span> <span class='ocrx_word' id='word_1_309' title='bbox 150 2463 207 2499; x_wconf 88' lang='lat' dir='ltr'>esse</span> <span class='ocrx_word' id='word_1_310' title='bbox 220 2448 313 2498; x_wconf 90' lang='lat' dir='ltr'>asserit</span> <span class='ocrx_word' id='word_1_311' title='bbox 330 2448 374 2498; x_wconf 92' lang='lat' dir='ltr'>lib.</span> <span class='ocrx_word' id='word_1_312' title='bbox 388 2447 418 2498; x_wconf 91' lang='lat' dir='ltr'>de</span> <span class='ocrx_word' id='word_1_313' title='bbox 431 2448 518 2499; x_wconf 87' lang='lat' dir='ltr'>anima</span> <span class='ocrx_word' id='word_1_314' title='bbox 529 2464 560 2499; x_wconf 86' lang='lat' dir='ltr'>ca</span> <span class='ocrx_word' id='word_1_315' title='bbox 580 2487 586 2499; x_wconf 99' lang='lat'>.</span> <span class='ocrx_word' id='word_1_316' title='bbox 610 2447 645 2499; x_wconf 86' lang='lat' dir='ltr'>X.</span> <span class='ocrx_word' id='word_1_317' title='bbox 656 2447 730 2501; x_wconf 88' lang='lat' dir='ltr'>XIX.</span> <span class='ocrx_word' id='word_1_318' title='bbox 743 2447 829 2500; x_wconf 86' lang='lat' dir='ltr'>XXII.</span> <span class='ocrx_word' id='word_1_319' title='bbox 841 2449 880 2500; x_wconf 81' lang='lat' dir='ltr'>X.</span> <span class='ocrx_word' id='word_1_320' title='bbox 896 2448 951 2500; x_wconf 91' lang='lat' dir='ltr'>Vll.</span> <span class='ocrx_word' id='word_1_321' title='bbox 965 2486 976 2500; x_wconf 83' lang='grc'><strong>.</strong></span> <span class='ocrx_word' id='word_1_322' title='bbox 993 2449 1087 2500; x_wconf 78' lang='lat' dir='ltr'>XXVI.</span> <span class='ocrx_word' id='word_1_323' title='bbox 1117 2449 1238 2501; x_wconf 87' lang='lat' dir='ltr'>Rnffinus</span> 
     </span>
     <span class='ocr_line' id='line_1_29' title="bbox 70 2514 1237 2586; baseline 0.003 -18"><span class='ocrx_word' id='word_1_324' title='bbox 70 2516 125 2569; x_wconf 87' lang='lat' dir='ltr'>iue</span> <span class='ocrx_word' id='word_1_325' title='bbox 144 2516 222 2568; x_wconf 84' lang='lat' dir='ltr'>istola</span> <span class='ocrx_word' id='word_1_326' title='bbox 233 2515 266 2567; x_wconf 88' lang='lat' dir='ltr'>ad</span> <span class='ocrx_word' id='word_1_327' title='bbox 277 2515 445 2567; x_wconf 87' lang='lat' dir='ltr'>Anastasium</span> <span class='ocrx_word' id='word_1_328' title='bbox 463 2514 531 2585; x_wconf 86' lang='lat' dir='ltr'>apud</span> <span class='ocrx_word' id='word_1_329' title='bbox 573 2517 695 2584; x_wconf 74' lang='lat' dir='ltr'>&#39;eronym</span> <span class='ocrx_word' id='word_1_330' title='bbox 708 2523 771 2571; x_wconf 86' lang='lat' dir='ltr'>tom.</span> <span class='ocrx_word' id='word_1_331' title='bbox 784 2516 831 2569; x_wconf 88' lang='lat' dir='ltr'>IX.</span> <span class='ocrx_word' id='word_1_332' title='bbox 848 2517 893 2570; x_wconf 87' lang='lat' dir='ltr'>iol.</span> <span class='ocrx_word' id='word_1_333' title='bbox 909 2515 965 2568; x_wconf 82' lang='lat'>158.</span> <span class='ocrx_word' id='word_1_334' title='bbox 977 2524 1040 2568; x_wconf 83' lang='lat' dir='ltr'>tour.</span> <span class='ocrx_word' id='word_1_335' title='bbox 1052 2516 1083 2570; x_wconf 89' lang='lat' dir='ltr'>ll.</span> <span class='ocrx_word' id='word_1_336' title='bbox 1097 2518 1200 2586; x_wconf 78' lang='lat' dir='ltr'>apolog.</span> <span class='ocrx_word' id='word_1_337' title='bbox 1213 2517 1237 2572; x_wconf 76' lang='lat'>2.</span> 
     </span>
     <span class='ocr_line' id='line_1_30' title="bbox 70 2532 1237 2654; baseline 0 -17"><span class='ocrx_word' id='word_1_338' title='bbox 70 2583 117 2638; x_wconf 82' lang='lat' dir='ltr'>tol.</span> <span class='ocrx_word' id='word_1_339' title='bbox 126 2532 188 2636; x_wconf 68' lang='lat' dir='ltr'>hit.</span> <span class='ocrx_word' id='word_1_340' title='bbox 201 2589 227 2636; x_wconf 93' lang='lat' dir='ltr'>et</span> <span class='ocrx_word' id='word_1_341' title='bbox 238 2583 320 2635; x_wconf 83' lang='lat' dir='ltr'>Autur</span> <span class='ocrx_word' id='word_1_342' title='bbox 332 2585 429 2651; x_wconf 79' lang='lat' dir='ltr'>dialogi</span> <span class='ocrx_word' id='word_1_343' title='bbox 442 2587 473 2636; x_wconf 88' lang='lat' dir='ltr'>‹lc</span> <span class='ocrx_word' id='word_1_344' title='bbox 488 2588 576 2637; x_wconf 70' lang='lat' dir='ltr'>antima</span> <span class='ocrx_word' id='word_1_345' title='bbox 593 2585 662 2654; x_wconf 91' lang='lat' dir='ltr'>apud</span> <span class='ocrx_word' id='word_1_346' title='bbox 678 2585 826 2653; x_wconf 78' lang='lat' dir='ltr'>Hieronym.</span> <span class='ocrx_word' id='word_1_347' title='bbox 839 2591 903 2639; x_wconf 87' lang='lat' dir='ltr'>tom.</span> <span class='ocrx_word' id='word_1_348' title='bbox 915 2584 960 2638; x_wconf 85' lang='lat' dir='ltr'>IX.</span> <span class='ocrx_word' id='word_1_349' title='bbox 974 2585 1018 2636; x_wconf 89' lang='lat' dir='ltr'>iol.</span> <span class='ocrx_word' id='word_1_350' title='bbox 1028 2586 1085 2636; x_wconf 66' lang='lat' dir='ltr'>ill.</span> <span class='ocrx_word' id='word_1_351' title='bbox 1098 2586 1176 2637; x_wconf 90' lang='lat' dir='ltr'>etiam</span> <span class='ocrx_word' id='word_1_352' title='bbox 1189 2586 1237 2637; x_wconf 87' lang='lat' dir='ltr'>La·</span> 
     </span>
     <span class='ocr_line' id='line_1_31' title="bbox 71 2652 1236 2723; baseline 0.002 -19"><span class='ocrx_word' id='word_1_353' title='bbox 71 2653 200 2704; x_wconf 75' lang='lat' dir='ltr'>cientium</span> <span class='ocrx_word' id='word_1_354' title='bbox 211 2653 243 2704; x_wconf 86' lang='lat' dir='ltr'>iis</span> <span class='ocrx_word' id='word_1_355' title='bbox 255 2652 434 2717; x_wconf 87' lang='lat' dir='ltr'>adnumerant,</span> <span class='ocrx_word' id='word_1_356' title='bbox 451 2654 495 2720; x_wconf 93' lang='lat' dir='ltr'>qui</span> <span class='ocrx_word' id='word_1_357' title='bbox 506 2654 602 2722; x_wconf 89' lang='lat' dir='ltr'>pariter</span> <span class='ocrx_word' id='word_1_358' title='bbox 614 2670 673 2705; x_wconf 88' lang='lat' dir='ltr'>cum</span> <span class='ocrx_word' id='word_1_359' title='bbox 685 2669 716 2705; x_wconf 89' lang='lat' dir='ltr'>co</span> <span class='ocrx_word' id='word_1_360' title='bbox 749 2671 792 2705; x_wconf 89' lang='lat' dir='ltr'>ore</span> <span class='ocrx_word' id='word_1_361' title='bbox 809 2670 854 2723; x_wconf 89' lang='lat' dir='ltr'>per</span> <span class='ocrx_word' id='word_1_362' title='bbox 866 2653 974 2705; x_wconf 91' lang='lat' dir='ltr'>humani</span> <span class='ocrx_word' id='word_1_363' title='bbox 986 2655 1092 2705; x_wconf 90' lang='lat' dir='ltr'>seminis</span> <span class='ocrx_word' id='word_1_364' title='bbox 1105 2655 1236 2707; x_wconf 82' lang='lat' dir='ltr'>traducem</span> 
     </span>
     <span class='ocr_line' id='line_1_32' title="bbox 70 2720 1236 2791; baseline 0 -16"><span class='ocrx_word' id='word_1_365' title='bbox 70 2721 187 2775; x_wconf 73' lang='lat' dir='ltr'>enimam</span> <span class='ocrx_word' id='word_1_366' title='bbox 198 2720 308 2772; x_wconf 82' lang='lat' dir='ltr'>diffundi</span> <span class='ocrx_word' id='word_1_367' title='bbox 320 2727 419 2790; x_wconf 88' lang='lat' dir='ltr'>putant.</span> <span class='ocrx_word' id='word_1_368' title='bbox 449 2722 533 2774; x_wconf 87' lang='lat' dir='ltr'>Ambo</span> <span class='ocrx_word' id='word_1_369' title='bbox 550 2722 708 2791; x_wconf 87' lang='lat' dir='ltr'>apertissimi</span> <span class='ocrx_word' id='word_1_370' title='bbox 734 2723 863 2791; x_wconf 87' lang='lat' dir='ltr'>alsiloqui,</span> <span class='ocrx_word' id='word_1_371' title='bbox 881 2730 911 2774; x_wconf 89' lang='lat' dir='ltr'>ut</span> <span class='ocrx_word' id='word_1_372' title='bbox 926 2727 1033 2791; x_wconf 85' lang='lat' dir='ltr'>apparet</span> <span class='ocrx_word' id='word_1_373' title='bbox 1051 2739 1084 2774; x_wconf 76' lang='lat' dir='ltr'>ex</span> <span class='ocrx_word' id='word_1_374' title='bbox 1100 2721 1236 2775; x_wconf 86' lang='lat' dir='ltr'>Lactantio</span> 
     </span>
     <span class='ocr_line' id='line_1_33' title="bbox 71 2788 1175 2869; baseline 0 -28"><span class='ocrx_word' id='word_1_375' title='bbox 71 2788 103 2842; x_wconf 90' lang='lat' dir='ltr'>de</span> <span class='ocrx_word' id='word_1_376' title='bbox 115 2806 130 2841; x_wconf 91' lang='lat' dir='ltr'>o</span> <span class='ocrx_word' id='word_1_377' title='bbox 149 2789 219 2842; x_wconf 84' lang='lat' dir='ltr'>fficio</span> <span class='ocrx_word' id='word_1_378' title='bbox 231 2789 271 2842; x_wconf 91' lang='lat' dir='ltr'>dei</span> <span class='ocrx_word' id='word_1_379' title='bbox 284 2806 340 2869; x_wconf 89' lang='lat' dir='ltr'>cap.</span> <span class='ocrx_word' id='word_1_380' title='bbox 352 2789 426 2843; x_wconf 87' lang='lat' dir='ltr'>XIX.</span> <span class='ocrx_word' id='word_1_381' title='bbox 1172 2828 1175 2833; x_wconf 78' lang='lat'>-</span> 
     </span>
    </p>

    <p class='ocr_par' dir='ltr' id='par_1_6' title="bbox 69 2858 1237 3476">
     <span class='ocr_line' id='line_1_34' title="bbox 146 2858 1237 2927; baseline 0.003 -18"><span class='ocrx_word' id='word_1_382' title='bbox 146 2858 237 2910; x_wconf 89' lang='lat' dir='ltr'>icimus</span> <span class='ocrx_word' id='word_1_383' title='bbox 250 2864 407 2910; x_wconf 78' lang='lat' dir='ltr'>creationem</span> <span class='ocrx_word' id='word_1_384' title='bbox 418 2859 520 2910; x_wconf 74' lang='lat' dir='ltr'>alumne</span> <span class='ocrx_word' id='word_1_385' title='bbox 533 2859 618 2911; x_wconf 91' lang='lat' dir='ltr'>solum</span> <span class='ocrx_word' id='word_1_386' title='bbox 630 2863 771 2912; x_wconf 84' lang='lat' dir='ltr'>creatorem</span> <span class='ocrx_word' id='word_1_387' title='bbox 783 2858 872 2927; x_wconf 90' lang='lat' dir='ltr'>nosse]</span> <span class='ocrx_word' id='word_1_388' title='bbox 890 2858 972 2911; x_wconf 89' lang='lat' dir='ltr'>Autor</span> <span class='ocrx_word' id='word_1_389' title='bbox 983 2859 1014 2911; x_wconf 91' lang='lat' dir='ltr'>de</span> <span class='ocrx_word' id='word_1_390' title='bbox 1026 2860 1152 2910; x_wconf 84' lang='lat' dir='ltr'>incarnat.</span> <span class='ocrx_word' id='word_1_391' title='bbox 1165 2860 1237 2912; x_wconf 82' lang='lat' dir='ltr'>verbi</span> 
     </span>
     <span class='ocr_line' id='line_1_35' title="bbox 70 2926 1236 3046; baseline 0.001 -68"><span class='ocrx_word' id='word_1_392' title='bbox 70 2926 140 3046; x_wconf 47' lang='lat' dir='ltr'>synd</span> <span class='ocrx_word' id='word_1_393' title='bbox 151 2927 290 2995; x_wconf 83' lang='lat' dir='ltr'>Augusilu.</span> <span class='ocrx_word' id='word_1_394' title='bbox 306 2932 368 2978; x_wconf 80' lang='lat' dir='ltr'>lom.</span> <span class='ocrx_word' id='word_1_395' title='bbox 381 2927 405 2978; x_wconf 75' lang='lat' dir='ltr'>i.</span> <span class='ocrx_word' id='word_1_396' title='bbox 418 2943 474 2996; x_wconf 83' lang='lat' dir='ltr'>cap.</span> <span class='ocrx_word' id='word_1_397' title='bbox 486 2927 518 2979; x_wconf 92' lang='lat' dir='ltr'>II.</span> <span class='ocrx_word' id='word_1_398' title='bbox 529 2927 574 2979; x_wconf 84' lang='lat' dir='ltr'>fol.</span> <span class='ocrx_word' id='word_1_399' title='bbox 588 2927 645 2981; x_wconf 77' lang='lat'>(360.</span> <span class='ocrx_word' id='word_1_400' title='bbox 681 2927 721 2978; x_wconf 84' lang='lat' dir='ltr'>Dc</span> <span class='ocrx_word' id='word_1_401' title='bbox 739 2930 826 2978; x_wconf 79' lang='lat' dir='ltr'>anima</span> <span class='ocrx_word' id='word_1_402' title='bbox 842 2946 901 2979; x_wconf 81' lang='lat' dir='ltr'>cero</span> <span class='ocrx_word' id='word_1_403' title='bbox 919 2937 1000 2978; x_wconf 71' lang='lat' dir='ltr'>utrium</span> <span class='ocrx_word' id='word_1_404' title='bbox 1018 2946 1047 2977; x_wconf 78' lang='lat' dir='ltr'>es</span> <span class='ocrx_word' id='word_1_405' title='bbox 1064 2932 1166 2978; x_wconf 77' lang='lat' dir='ltr'>semime</span> <span class='ocrx_word' id='word_1_406' title='bbox 1183 2937 1236 2979; x_wconf 90' lang='lat' dir='ltr'>tra·</span> 
     </span>
     <span class='ocr_line' id='line_1_36' title="bbox 88 2996 1237 3064; baseline 0 -16"><span class='ocrx_word' id='word_1_407' title='bbox 88 3013 135 3061; x_wconf 72' lang='lat' dir='ltr'>esce</span> <span class='ocrx_word' id='word_1_408' title='bbox 147 2998 263 3057; x_wconf 85' lang='lat' dir='ltr'>ducatur,</span> <span class='ocrx_word' id='word_1_409' title='bbox 276 2999 313 3046; x_wconf 87' lang='lat' dir='ltr'>ita</span> <span class='ocrx_word' id='word_1_410' title='bbox 326 3004 354 3045; x_wconf 90' lang='lat' dir='ltr'>ut</span> <span class='ocrx_word' id='word_1_411' title='bbox 363 3000 431 3045; x_wconf 85' lang='lat' dir='ltr'>ratio</span> <span class='ocrx_word' id='word_1_412' title='bbox 442 2999 523 3063; x_wconf 84' lang='lat' dir='ltr'>ipsius</span> <span class='ocrx_word' id='word_1_413' title='bbox 535 2997 575 3047; x_wconf 84' lang='lat' dir='ltr'>cel</span> <span class='ocrx_word' id='word_1_414' title='bbox 582 2997 723 3047; x_wconf 83' lang='lat' dir='ltr'>substantia</span> <span class='ocrx_word' id='word_1_415' title='bbox 733 3000 830 3047; x_wconf 88' lang='lat' dir='ltr'>inserta</span> <span class='ocrx_word' id='word_1_416' title='bbox 839 2999 903 3063; x_wconf 77' lang='lat' dir='ltr'>apsis</span> <span class='ocrx_word' id='word_1_417' title='bbox 912 2996 1088 3064; x_wconf 80' lang='lat' dir='ltr'>corporalibus</span> <span class='ocrx_word' id='word_1_418' title='bbox 1097 2996 1237 3048; x_wconf 81' lang='lat' dir='ltr'>habeatur:</span> 
     </span>
     <span class='ocr_line' id='line_1_37' title="bbox 70 3064 1235 3133; baseline 0 -17"><span class='ocrx_word' id='word_1_419' title='bbox 70 3082 106 3116; x_wconf 83' lang='lat' dir='ltr'>ass</span> <span class='ocrx_word' id='word_1_420' title='bbox 117 3082 177 3115; x_wconf 78' lang='lat' dir='ltr'>cero</span> <span class='ocrx_word' id='word_1_421' title='bbox 190 3065 264 3116; x_wconf 84' lang='lat' dir='ltr'>aliud</span> <span class='ocrx_word' id='word_1_422' title='bbox 274 3064 370 3115; x_wconf 84' lang='lat' dir='ltr'>habeat</span> <span class='ocrx_word' id='word_1_423' title='bbox 379 3067 485 3125; x_wconf 82' lang='lat' dir='ltr'>initium,</span> <span class='ocrx_word' id='word_1_424' title='bbox 499 3073 522 3114; x_wconf 80' lang='lat' dir='ltr'>et</span> <span class='ocrx_word' id='word_1_425' title='bbox 530 3064 577 3115; x_wconf 86' lang='lat' dir='ltr'>hac</span> <span class='ocrx_word' id='word_1_426' title='bbox 587 3068 667 3133; x_wconf 79' lang='lat' dir='ltr'>speum</span> <span class='ocrx_word' id='word_1_427' title='bbox 676 3068 775 3115; x_wconf 83' lang='lat' dir='ltr'>initium</span> <span class='ocrx_word' id='word_1_428' title='bbox 787 3067 813 3114; x_wconf 89' lang='lat' dir='ltr'>si</span> <span class='ocrx_word' id='word_1_429' title='bbox 824 3068 984 3131; x_wconf 75' lang='lat' dir='ltr'>cstqenitum,</span> <span class='ocrx_word' id='word_1_430' title='bbox 998 3074 1097 3115; x_wconf 83' lang='lat' dir='ltr'>autnon</span> <span class='ocrx_word' id='word_1_431' title='bbox 1109 3069 1235 3132; x_wconf 71' lang='lat' dir='ltr'>percitum:</span> 
     </span>
     <span class='ocr_line' id='line_1_38' title="bbox 70 3133 1235 3202; baseline 0.003 -19"><span class='ocrx_word' id='word_1_432' title='bbox 70 3133 112 3183; x_wconf 86' lang='lat' dir='ltr'>rel</span> <span class='ocrx_word' id='word_1_433' title='bbox 122 3141 189 3184; x_wconf 85' lang='lat' dir='ltr'>certe</span> <span class='ocrx_word' id='word_1_434' title='bbox 204 3136 228 3183; x_wconf 85' lang='lat' dir='ltr'>si</span> <span class='ocrx_word' id='word_1_435' title='bbox 244 3136 397 3184; x_wconf 70' lang='lat' dir='ltr'>extrinsecus</span> <span class='ocrx_word' id='word_1_436' title='bbox 410 3137 513 3199; x_wconf 82' lang='lat' dir='ltr'>corpori</span> <span class='ocrx_word' id='word_1_437' title='bbox 522 3135 627 3196; x_wconf 76' lang='lat' dir='ltr'>irretitur,</span> <span class='ocrx_word' id='word_1_438' title='bbox 646 3151 730 3194; x_wconf 75' lang='lat' dir='ltr'>rescae,</span> <span class='ocrx_word' id='word_1_439' title='bbox 746 3151 795 3183; x_wconf 90' lang='lat' dir='ltr'>aon</span> <span class='ocrx_word' id='word_1_440' title='bbox 812 3136 877 3183; x_wconf 88' lang='lat' dir='ltr'>satis</span> <span class='ocrx_word' id='word_1_441' title='bbox 892 3137 963 3184; x_wconf 84' lang='lat' dir='ltr'>mani</span> <span class='ocrx_word' id='word_1_442' title='bbox 975 3142 1028 3184; x_wconf 89' lang='lat' dir='ltr'>esta</span> <span class='ocrx_word' id='word_1_443' title='bbox 1036 3136 1235 3202; x_wconf 83' lang='lat' dir='ltr'>praedicatione</span> 
     </span>
     <span class='ocr_line' id='line_1_39' title="bbox 71 3199 1236 3270; baseline 0.002 -17"><span class='ocrx_word' id='word_1_444' title='bbox 71 3202 141 3253; x_wconf 72' lang='lat' dir='ltr'>duco</span> <span class='ocrx_word' id='word_1_445' title='bbox 167 3204 243 3252; x_wconf 83' lang='lat' dir='ltr'>sitm.</span> <span class='ocrx_word' id='word_1_446' title='bbox 276 3199 341 3253; x_wconf 89' lang='lat' dir='ltr'>Vide</span> <span class='ocrx_word' id='word_1_447' title='bbox 357 3200 521 3253; x_wconf 87' lang='lat' dir='ltr'>Lactantium</span> <span class='ocrx_word' id='word_1_448' title='bbox 538 3200 569 3252; x_wconf 90' lang='lat' dir='ltr'>de</span> <span class='ocrx_word' id='word_1_449' title='bbox 586 3200 688 3270; x_wconf 89' lang='lat' dir='ltr'>opificio</span> <span class='ocrx_word' id='word_1_450' title='bbox 706 3201 747 3254; x_wconf 88' lang='lat' dir='ltr'>dei</span> <span class='ocrx_word' id='word_1_451' title='bbox 765 3216 821 3270; x_wconf 85' lang='lat' dir='ltr'>cap.</span> <span class='ocrx_word' id='word_1_452' title='bbox 838 3200 913 3253; x_wconf 86' lang='lat' dir='ltr'>XIX.</span> <span class='ocrx_word' id='word_1_453' title='bbox 968 3200 1079 3269; x_wconf 78' lang='lat' dir='ltr'>hrysost.</span> <span class='ocrx_word' id='word_1_454' title='bbox 1097 3203 1123 3254; x_wconf 88' lang='lat' dir='ltr'>in</span> <span class='ocrx_word' id='word_1_455' title='bbox 1142 3202 1236 3256; x_wconf 75' lang='lat' dir='ltr'>(lenes,</span> 
     </span>
     <span class='ocr_line' id='line_1_40' title="bbox 69 3219 1236 3349; baseline 0.003 -29"><span class='ocrx_word' id='word_1_456' title='bbox 69 3284 127 3349; x_wconf 79' lang='lat' dir='ltr'>cap.</span> <span class='ocrx_word' id='word_1_457' title='bbox 141 3219 174 3323; x_wconf 74' lang='lat' dir='ltr'>II.</span> <span class='ocrx_word' id='word_1_458' title='bbox 192 3267 281 3321; x_wconf 91' lang='lat' dir='ltr'>homil.</span> <span class='ocrx_word' id='word_1_459' title='bbox 298 3269 369 3323; x_wconf 89' lang='lat' dir='ltr'>XIII.</span> <span class='ocrx_word' id='word_1_460' title='bbox 400 3269 499 3322; x_wconf 86' lang='lat' dir='ltr'>Rabau.</span> <span class='ocrx_word' id='word_1_461' title='bbox 515 3269 637 3321; x_wconf 85' lang='lat' dir='ltr'>Maurum</span> <span class='ocrx_word' id='word_1_462' title='bbox 656 3270 687 3321; x_wconf 92' lang='lat' dir='ltr'>de</span> <span class='ocrx_word' id='word_1_463' title='bbox 704 3270 793 3322; x_wconf 88' lang='lat' dir='ltr'>anima</span> <span class='ocrx_word' id='word_1_464' title='bbox 809 3285 866 3339; x_wconf 88' lang='lat' dir='ltr'>cap.</span> <span class='ocrx_word' id='word_1_465' title='bbox 883 3269 915 3323; x_wconf 85' lang='lat' dir='ltr'>u</span> <span class='ocrx_word' id='word_1_466' title='bbox 948 3270 1072 3323; x_wconf 86' lang='lat' dir='ltr'>Antorem</span> <span class='ocrx_word' id='word_1_467' title='bbox 1089 3271 1187 3340; x_wconf 86' lang='lat' dir='ltr'>dialogi</span> <span class='ocrx_word' id='word_1_468' title='bbox 1205 3272 1236 3323; x_wconf 94' lang='lat' dir='ltr'>de</span> 
     </span>
     <span class='ocr_line' id='line_1_41' title="bbox 69 3336 1235 3407; baseline 0 -16"><span class='ocrx_word' id='word_1_469' title='bbox 69 3352 186 3391; x_wconf 75' lang='lat' dir='ltr'>emmas</span> <span class='ocrx_word' id='word_1_470' title='bbox 204 3338 239 3391; x_wconf 93' lang='lat' dir='ltr'>ud</span> <span class='ocrx_word' id='word_1_471' title='bbox 250 3338 398 3406; x_wconf 85' lang='lat' dir='ltr'>Hieronym.</span> <span class='ocrx_word' id='word_1_472' title='bbox 412 3345 474 3390; x_wconf 88' lang='lat' dir='ltr'>tom.</span> <span class='ocrx_word' id='word_1_473' title='bbox 483 3336 530 3389; x_wconf 92' lang='lat' dir='ltr'>IX.</span> <span class='ocrx_word' id='word_1_474' title='bbox 539 3338 584 3390; x_wconf 84' lang='lat' dir='ltr'>fol.</span> <span class='ocrx_word' id='word_1_475' title='bbox 595 3337 652 3390; x_wconf 75' lang='lat'>244.</span> <span class='ocrx_word' id='word_1_476' title='bbox 665 3343 753 3407; x_wconf 88' lang='lat' dir='ltr'>etseq.</span> <span class='ocrx_word' id='word_1_477' title='bbox 770 3337 913 3391; x_wconf 83' lang='lat' dir='ltr'>Benevent.</span> <span class='ocrx_word' id='word_1_478' title='bbox 926 3339 970 3394; x_wconf 90' lang='lat' dir='ltr'>lib.</span> <span class='ocrx_word' id='word_1_479' title='bbox 981 3338 1004 3391; x_wconf 75' lang='lat'>2.</span> <span class='ocrx_word' id='word_1_480' title='bbox 1017 3340 1130 3394; x_wconf 88' lang='lat' dir='ltr'>distinct.</span> <span class='ocrx_word' id='word_1_481' title='bbox 1141 3339 1235 3392; x_wconf 85' lang='lat' dir='ltr'>XVIII.</span> 
     </span>
     <span class='ocr_line' id='line_1_42' title="bbox 69 3354 745 3476; baseline 0.003 -18"><span class='ocrx_word' id='word_1_482' title='bbox 69 3412 171 3476; x_wconf 77' lang='lat' dir='ltr'>quaest.</span> <span class='ocrx_word' id='word_1_483' title='bbox 184 3354 209 3459; x_wconf 69' lang='lat' dir='ltr'>I.</span> <span class='ocrx_word' id='word_1_484' title='bbox 221 3406 344 3458; x_wconf 71' lang='lat' dir='ltr'>adnotate</span> <span class='ocrx_word' id='word_1_485' title='bbox 355 3407 387 3458; x_wconf 90' lang='lat' dir='ltr'>ad</span> <span class='ocrx_word' id='word_1_486' title='bbox 399 3406 542 3458; x_wconf 85' lang='lat' dir='ltr'>Aruobium</span> <span class='ocrx_word' id='word_1_487' title='bbox 553 3407 598 3460; x_wconf 89' lang='lat' dir='ltr'>lib.</span> <span class='ocrx_word' id='word_1_488' title='bbox 611 3406 634 3458; x_wconf 78' lang='lat'>2.</span> <span class='ocrx_word' id='word_1_489' title='bbox 647 3407 691 3459; x_wconf 82' lang='lat' dir='ltr'>tol</span> <span class='ocrx_word' id='word_1_490' title='bbox 704 3406 745 3461; x_wconf 82' lang='lat'>49.</span> 
     </span>
    </p>

    <p class='ocr_par' dir='ltr' id='par_1_7' title="bbox 68 3473 1235 3682">
     <span class='ocr_line' id='line_1_43' title="bbox 120 3473 1235 3546; baseline 0.001 -19"><span class='ocrx_word' id='word_1_491' title='bbox 120 3473 184 3544; x_wconf 80' lang='lat' dir='ltr'>Gap.</span> <span class='ocrx_word' id='word_1_492' title='bbox 196 3474 256 3528; x_wconf 88' lang='lat' dir='ltr'>XV.</span> <span class='ocrx_word' id='word_1_493' title='bbox 267 3505 300 3514; x_wconf 88' lang='lat'>-</span> <span class='ocrx_word' id='word_1_494' title='bbox 317 3474 406 3544; x_wconf 86' lang='lat' dir='ltr'>Neque</span> <span class='ocrx_word' id='word_1_495' title='bbox 418 3475 482 3527; x_wconf 91' lang='lat' dir='ltr'>duas</span> <span class='ocrx_word' id='word_1_496' title='bbox 495 3491 552 3527; x_wconf 90' lang='lat' dir='ltr'>esee</span> <span class='ocrx_word' id='word_1_497' title='bbox 564 3475 665 3527; x_wconf 86' lang='lat' dir='ltr'>animas</span> <span class='ocrx_word' id='word_1_498' title='bbox 676 3475 704 3526; x_wconf 90' lang='lat' dir='ltr'>in</span> <span class='ocrx_word' id='word_1_499' title='bbox 713 3492 765 3528; x_wconf 89' lang='lat' dir='ltr'>uno</span> <span class='ocrx_word' id='word_1_500' title='bbox 777 3474 894 3544; x_wconf 89' lang='lat' dir='ltr'>homine]</span> <span class='ocrx_word' id='word_1_501' title='bbox 917 3477 972 3531; x_wconf 89' lang='lat' dir='ltr'>IIoc</span> <span class='ocrx_word' id='word_1_502' title='bbox 985 3483 1064 3546; x_wconf 86' lang='lat' dir='ltr'>caput</span> <span class='ocrx_word' id='word_1_503' title='bbox 1075 3476 1154 3528; x_wconf 87' lang='lat' dir='ltr'>habes</span> <span class='ocrx_word' id='word_1_504' title='bbox 1167 3475 1235 3545; x_wconf 86' lang='lat' dir='ltr'>apud</span> 
     </span>
     <span class='ocr_line' id='line_1_44' title="bbox 68 3542 1234 3615; baseline 0.001 -19"><span class='ocrx_word' id='word_1_505' title='bbox 68 3548 187 3597; x_wconf 80' lang='lat' dir='ltr'>autorem</span> <span class='ocrx_word' id='word_1_506' title='bbox 198 3543 243 3596; x_wconf 91' lang='lat' dir='ltr'>lib.</span> <span class='ocrx_word' id='word_1_507' title='bbox 256 3543 286 3596; x_wconf 92' lang='lat' dir='ltr'>de</span> <span class='ocrx_word' id='word_1_508' title='bbox 298 3544 391 3612; x_wconf 87' lang='lat' dir='ltr'>spiritu</span> <span class='ocrx_word' id='word_1_509' title='bbox 403 3550 429 3596; x_wconf 85' lang='lat' dir='ltr'>et</span> <span class='ocrx_word' id='word_1_510' title='bbox 440 3545 528 3597; x_wconf 83' lang='lat' dir='ltr'>aalma</span> <span class='ocrx_word' id='word_1_511' title='bbox 540 3560 561 3596; x_wconf 91' lang='lat' dir='ltr'>c.</span> <span class='ocrx_word' id='word_1_512' title='bbox 573 3543 688 3597; x_wconf 87' lang='lat' dir='ltr'>XLVIII.</span> <span class='ocrx_word' id='word_1_513' title='bbox 701 3550 727 3597; x_wconf 86' lang='lat' dir='ltr'>et</span> <span class='ocrx_word' id='word_1_514' title='bbox 742 3542 870 3599; x_wconf 84' lang='lat' dir='ltr'>Thomam</span> <span class='ocrx_word' id='word_1_515' title='bbox 886 3546 1043 3615; x_wconf 83' lang='lat' dir='ltr'>Aquinatem</span> <span class='ocrx_word' id='word_1_516' title='bbox 1058 3550 1124 3614; x_wconf 87' lang='lat' dir='ltr'>part.</span> <span class='ocrx_word' id='word_1_517' title='bbox 1136 3544 1155 3595; x_wconf 93' lang='lat' dir='ltr'>I.</span> <span class='ocrx_word' id='word_1_518' title='bbox 1167 3561 1234 3597; x_wconf 89' lang='lat' dir='ltr'>sum.</span> 
     </span>
     <span class='ocr_line' id='line_1_45' title="bbox 69 3611 448 3682; baseline 0.005 -18"><span class='ocrx_word' id='word_1_519' title='bbox 69 3617 170 3682; x_wconf 82' lang='lat' dir='ltr'>quaest.</span> <span class='ocrx_word' id='word_1_520' title='bbox 181 3611 300 3665; x_wconf 84' lang='lat' dir='ltr'>LXXVI.</span> <span class='ocrx_word' id='word_1_521' title='bbox 312 3613 413 3667; x_wconf 86' lang='lat' dir='ltr'>articul.</span> <span class='ocrx_word' id='word_1_522' title='bbox 425 3613 448 3667; x_wconf 82' lang='lat'>3.</span> 
     </span>
    </p>

    <p class='ocr_par' dir='ltr' id='par_1_8' title="bbox 69 3678 1234 3888">
     <span class='ocr_line' id='line_1_46' title="bbox 120 3678 1234 3750; baseline -0.001 -18"><span class='ocrx_word' id='word_1_523' title='bbox 120 3679 193 3733; x_wconf 85' lang='lat' dir='ltr'>Sicut</span> <span class='ocrx_word' id='word_1_524' title='bbox 203 3678 312 3733; x_wconf 87' lang='lat' dir='ltr'>Iacobus</span> <span class='ocrx_word' id='word_1_525' title='bbox 325 3688 350 3733; x_wconf 90' lang='lat' dir='ltr'>et</span> <span class='ocrx_word' id='word_1_526' title='bbox 362 3682 406 3733; x_wconf 92' lang='lat' dir='ltr'>alii</span> <span class='ocrx_word' id='word_1_527' title='bbox 418 3681 555 3750; x_wconf 73' lang='lat' dir='ltr'>Syrorum]</span> <span class='ocrx_word' id='word_1_528' title='bbox 571 3679 659 3733; x_wconf 90' lang='lat' dir='ltr'>lacobi</span> <span class='ocrx_word' id='word_1_529' title='bbox 671 3680 689 3734; x_wconf 87' lang='lat' dir='ltr'>S</span> <span class='ocrx_word' id='word_1_530' title='bbox 721 3680 936 3735; x_wconf 90' lang='lat' dir='ltr'>ihaeresiarchae</span> <span class='ocrx_word' id='word_1_531' title='bbox 948 3681 1066 3734; x_wconf 88' lang='lat' dir='ltr'>meminit</span> <span class='ocrx_word' id='word_1_532' title='bbox 1073 3679 1234 3750; x_wconf 86' lang='lat' dir='ltr'>Nicephorus</span> 
     </span>
     <span class='ocr_line' id='line_1_47' title="bbox 69 3699 1233 3820; baseline -0.003 -17"><span class='ocrx_word' id='word_1_533' title='bbox 69 3746 193 3803; x_wconf 76' lang='lat' dir='ltr'>Callistus</span> <span class='ocrx_word' id='word_1_534' title='bbox 209 3750 351 3802; x_wconf 86' lang='lat' dir='ltr'>ecclesiast.</span> <span class='ocrx_word' id='word_1_535' title='bbox 369 3749 427 3805; x_wconf 88' lang='lat' dir='ltr'>hist.</span> <span class='ocrx_word' id='word_1_536' title='bbox 440 3751 484 3803; x_wconf 92' lang='lat' dir='ltr'>lib.</span> <span class='ocrx_word' id='word_1_537' title='bbox 497 3749 592 3804; x_wconf 86' lang='lat' dir='ltr'>XVIII.</span> <span class='ocrx_word' id='word_1_538' title='bbox 605 3766 634 3803; x_wconf 91' lang='lat' dir='ltr'>ca</span> <span class='ocrx_word' id='word_1_539' title='bbox 653 3699 724 3805; x_wconf 76' lang='lat' dir='ltr'>‚LII</span> <span class='ocrx_word' id='word_1_540' title='bbox 756 3750 909 3804; x_wconf 85' lang='lat' dir='ltr'>Timotheus</span> <span class='ocrx_word' id='word_1_541' title='bbox 925 3750 1061 3820; x_wconf 76' lang='lat' dir='ltr'>presbyter</span> <span class='ocrx_word' id='word_1_542' title='bbox 1074 3755 1134 3801; x_wconf 91' lang='lat' dir='ltr'>tom.</span> <span class='ocrx_word' id='word_1_543' title='bbox 1151 3749 1178 3801; x_wconf 87' lang='lat' dir='ltr'>V.</span> <span class='ocrx_word' id='word_1_544' title='bbox 1198 3751 1233 3801; x_wconf 92' lang='lat' dir='ltr'>bi-</span> 
     </span>
     <span class='ocr_line' id='line_1_48' title="bbox 69 3815 920 3888; baseline 0.004 -18"><span class='ocrx_word' id='word_1_545' title='bbox 69 3815 160 3871; x_wconf 85' lang='lat' dir='ltr'>blioth.</span> <span class='ocrx_word' id='word_1_546' title='bbox 170 3822 275 3888; x_wconf 85' lang='lat' dir='ltr'>patrum</span> <span class='ocrx_word' id='word_1_547' title='bbox 286 3819 331 3871; x_wconf 84' lang='lat' dir='ltr'>iol.</span> <span class='ocrx_word' id='word_1_548' title='bbox 345 3817 403 3872; x_wconf 79' lang='lat'>931.</span> <span class='ocrx_word' id='word_1_549' title='bbox 434 3818 610 3872; x_wconf 88' lang='lat' dir='ltr'>Damasceuus</span> <span class='ocrx_word' id='word_1_550' title='bbox 641 3817 794 3875; x_wconf 84' lang='lat' dir='ltr'>chaeresib.</span> <span class='ocrx_word' id='word_1_551' title='bbox 807 3821 851 3873; x_wconf 85' lang='lat' dir='ltr'>iol.</span> <span class='ocrx_word' id='word_1_552' title='bbox 863 3818 920 3873; x_wconf 80' lang='lat'>584.</span> 
     </span>
    </p>

    <p class='ocr_par' dir='ltr' id='par_1_9' title="bbox 68 3885 1234 4365">
     <span class='ocr_line' id='line_1_49' title="bbox 120 3885 1233 3958; baseline -0.001 -20"><span class='ocrx_word' id='word_1_553' title='bbox 120 3885 181 3956; x_wconf 83' lang='lat' dir='ltr'>Gap.</span> <span class='ocrx_word' id='word_1_554' title='bbox 192 3887 264 3941; x_wconf 84' lang='lat' dir='ltr'>XVI.</span> <span class='ocrx_word' id='word_1_555' title='bbox 276 3918 308 3925; x_wconf 95' lang='lat'><em>—</em></span> <span class='ocrx_word' id='word_1_556' title='bbox 327 3887 421 3938; x_wconf 88' lang='lat' dir='ltr'>Anima</span> <span class='ocrx_word' id='word_1_557' title='bbox 432 3905 484 3939; x_wconf 90' lang='lat' dir='ltr'>non</span> <span class='ocrx_word' id='word_1_558' title='bbox 497 3905 557 3940; x_wconf 92' lang='lat' dir='ltr'>cum</span> <span class='ocrx_word' id='word_1_559' title='bbox 569 3905 675 3958; x_wconf 87' lang='lat' dir='ltr'>corpore</span> <span class='ocrx_word' id='word_1_560' title='bbox 686 3890 794 3942; x_wconf 88' lang='lat' dir='ltr'>moritur</span> <span class='ocrx_word' id='word_1_561' title='bbox 806 3889 873 3941; x_wconf 91' lang='lat' dir='ltr'>sicut</span> <span class='ocrx_word' id='word_1_562' title='bbox 883 3889 978 3939; x_wconf 88' lang='lat' dir='ltr'>Aratus</span> <span class='ocrx_word' id='word_1_563' title='bbox 988 3885 1090 3952; x_wconf 85' lang='lat' dir='ltr'>asserit]</span> <span class='ocrx_word' id='word_1_564' title='bbox 1109 3885 1191 3938; x_wconf 88' lang='lat' dir='ltr'>Autor</span> <span class='ocrx_word' id='word_1_565' title='bbox 1203 3886 1233 3938; x_wconf 91' lang='lat' dir='ltr'>de</span> 
     </span>
     <span class='ocr_line' id='line_1_50' title="bbox 69 3954 1233 4037; baseline -0.002 -30"><span class='ocrx_word' id='word_1_566' title='bbox 69 3954 161 4037; x_wconf 82' lang='lat' dir='ltr'>spiritu</span> <span class='ocrx_word' id='word_1_567' title='bbox 173 3962 200 4007; x_wconf 84' lang='lat' dir='ltr'>el</span> <span class='ocrx_word' id='word_1_568' title='bbox 211 3956 299 4008; x_wconf 80' lang='lat' dir='ltr'>anima</span> <span class='ocrx_word' id='word_1_569' title='bbox 311 3972 367 4024; x_wconf 79' lang='lat' dir='ltr'>cap.</span> <span class='ocrx_word' id='word_1_570' title='bbox 379 3955 495 4008; x_wconf 82' lang='lat' dir='ltr'>XLVIII.</span> <span class='ocrx_word' id='word_1_571' title='bbox 523 3956 607 4008; x_wconf 84' lang='lat' dir='ltr'>Solum</span> <span class='ocrx_word' id='word_1_572' title='bbox 619 3957 740 4009; x_wconf 78' lang='lat' dir='ltr'>huminem</span> <span class='ocrx_word' id='word_1_573' title='bbox 753 3960 878 4009; x_wconf 84' lang='lat' dir='ltr'>credimus</span> <span class='ocrx_word' id='word_1_574' title='bbox 890 3956 983 4007; x_wconf 82' lang='lat' dir='ltr'>habere</span> <span class='ocrx_word' id='word_1_575' title='bbox 996 3958 1107 4006; x_wconf 75' lang='lat' dir='ltr'>ultimam</span> <span class='ocrx_word' id='word_1_576' title='bbox 1119 3955 1233 4006; x_wconf 82' lang='lat' dir='ltr'>substan·</span> 
     </span>
     <span class='ocr_line' id='line_1_51' title="bbox 69 4028 1233 4094; baseline -0.003 -20"><span class='ocrx_word' id='word_1_577' title='bbox 69 4032 156 4088; x_wconf 75' lang='lat' dir='ltr'>huam,</span> <span class='ocrx_word' id='word_1_578' title='bbox 168 4041 232 4092; x_wconf 82' lang='lat' dir='ltr'>quae</span> <span class='ocrx_word' id='word_1_579' title='bbox 244 4033 319 4076; x_wconf 77' lang='lat' dir='ltr'>eruta</span> <span class='ocrx_word' id='word_1_580' title='bbox 332 4042 438 4091; x_wconf 84' lang='lat' dir='ltr'>corpore</span> <span class='ocrx_word' id='word_1_581' title='bbox 450 4028 519 4086; x_wconf 63' lang='lat' dir='ltr'>viret,</span> <span class='ocrx_word' id='word_1_582' title='bbox 533 4034 557 4076; x_wconf 85' lang='lat' dir='ltr'>et</span> <span class='ocrx_word' id='word_1_583' title='bbox 567 4044 654 4076; x_wconf 87' lang='lat' dir='ltr'>sensus</span> <span class='ocrx_word' id='word_1_584' title='bbox 665 4043 722 4077; x_wconf 87' lang='lat' dir='ltr'>suos</span> <span class='ocrx_word' id='word_1_585' title='bbox 734 4035 807 4094; x_wconf 75' lang='lat' dir='ltr'>atquc</span> <span class='ocrx_word' id='word_1_586' title='bbox 818 4029 845 4077; x_wconf 86' lang='lat' dir='ltr'>in</span> <span class='ocrx_word' id='word_1_587' title='bbox 865 4028 923 4076; x_wconf 87' lang='lat' dir='ltr'>enia</span> <span class='ocrx_word' id='word_1_588' title='bbox 935 4028 1060 4076; x_wconf 81' lang='lat' dir='ltr'>vicaciter</span> <span class='ocrx_word' id='word_1_589' title='bbox 1073 4031 1144 4086; x_wconf 83' lang='lat' dir='ltr'>tenet,</span> <span class='ocrx_word' id='word_1_590' title='bbox 1158 4042 1233 4090; x_wconf 74' lang='lat' dir='ltr'>rreqtra</span> 
     </span>
     <span class='ocr_line' id='line_1_52' title="bbox 69 4044 1234 4161; baseline 0.001 -18"><span class='ocrx_word' id='word_1_591' title='bbox 69 4110 125 4143; x_wconf 84' lang='lat' dir='ltr'>cum</span> <span class='ocrx_word' id='word_1_592' title='bbox 136 4109 242 4161; x_wconf 80' lang='lat' dir='ltr'>carpere</span> <span class='ocrx_word' id='word_1_593' title='bbox 253 4095 360 4144; x_wconf 80' lang='lat' dir='ltr'>moritur</span> <span class='ocrx_word' id='word_1_594' title='bbox 372 4101 400 4140; x_wconf 85' lang='lat' dir='ltr'>ut</span> <span class='ocrx_word' id='word_1_595' title='bbox 410 4092 498 4142; x_wconf 80' lang='lat' dir='ltr'>Arabs</span> <span class='ocrx_word' id='word_1_596' title='bbox 511 4097 610 4144; x_wconf 85' lang='lat' dir='ltr'>asserit.</span> <span class='ocrx_word' id='word_1_597' title='bbox 628 4092 686 4145; x_wconf 91' lang='lat' dir='ltr'>Non</span> <span class='ocrx_word' id='word_1_598' title='bbox 699 4094 767 4146; x_wconf 89' lang='lat' dir='ltr'>male</span> <span class='ocrx_word' id='word_1_599' title='bbox 778 4110 824 4161; x_wconf 92' lang='lat' dir='ltr'>pro</span> <span class='ocrx_word' id='word_1_600' title='bbox 837 4044 932 4146; x_wconf 64' lang='lat' dir='ltr'>lratus</span> <span class='ocrx_word' id='word_1_601' title='bbox 946 4093 1034 4144; x_wconf 83' lang='lat' dir='ltr'>Arabs</span> <span class='ocrx_word' id='word_1_602' title='bbox 1044 4091 1116 4161; x_wconf 88' lang='lat' dir='ltr'>legit.</span> <span class='ocrx_word' id='word_1_603' title='bbox 1129 4092 1234 4144; x_wconf 85' lang='lat' dir='ltr'>Arabici</span> 
     </span>
     <span class='ocr_line' id='line_1_53' title="bbox 68 4158 1232 4230; baseline 0 -18"><span class='ocrx_word' id='word_1_604' title='bbox 68 4160 138 4213; x_wconf 84' lang='lat' dir='ltr'>enim</span> <span class='ocrx_word' id='word_1_605' title='bbox 150 4165 176 4212; x_wconf 89' lang='lat' dir='ltr'>et</span> <span class='ocrx_word' id='word_1_606' title='bbox 191 4158 214 4210; x_wconf 88' lang='grc' dir='ltr'><em>Τ</em></span> <span class='ocrx_word' id='word_1_607' title='bbox 212 4159 432 4229; x_wconf 73' lang='lat' dir='ltr'>hnetospsyclnitae</span> <span class='ocrx_word' id='word_1_608' title='bbox 444 4159 533 4211; x_wconf 90' lang='lat' dir='ltr'>dicunt</span> <span class='ocrx_word' id='word_1_609' title='bbox 545 4161 659 4214; x_wconf 86' lang='lat' dir='ltr'>animam</span> <span class='ocrx_word' id='word_1_610' title='bbox 671 4178 731 4213; x_wconf 90' lang='lat' dir='ltr'>cum</span> <span class='ocrx_word' id='word_1_611' title='bbox 743 4177 849 4229; x_wconf 90' lang='lat' dir='ltr'>corpore</span> <span class='ocrx_word' id='word_1_612' title='bbox 861 4162 935 4214; x_wconf 89' lang='lat' dir='ltr'>mori.</span> <span class='ocrx_word' id='word_1_613' title='bbox 953 4160 1068 4213; x_wconf 90' lang='lat' dir='ltr'>Isidorus</span> <span class='ocrx_word' id='word_1_614' title='bbox 1086 4161 1232 4230; x_wconf 86' lang='lat' dir='ltr'>Hispalens.</span> 
     </span>
     <span class='ocr_line' id='line_1_54' title="bbox 69 4227 1232 4300; baseline 0 -20"><span class='ocrx_word' id='word_1_615' title='bbox 69 4229 133 4281; x_wconf 84' lang='lat' dir='ltr'>ori’</span> <span class='ocrx_word' id='word_1_616' title='bbox 174 4229 217 4283; x_wconf 91' lang='lat' dir='ltr'>lib.</span> <span class='ocrx_word' id='word_1_617' title='bbox 230 4227 296 4281; x_wconf 92' lang='lat' dir='ltr'>VIII.</span> <span class='ocrx_word' id='word_1_618' title='bbox 309 4245 339 4280; x_wconf 90' lang='lat' dir='ltr'>ca</span> <span class='ocrx_word' id='word_1_619' title='bbox 359 4228 408 4282; x_wconf 90' lang='lat' dir='ltr'>.V.</span> <span class='ocrx_word' id='word_1_620' title='bbox 437 4229 575 4296; x_wconf 79' lang='lat' dir='ltr'>Angustia.</span> <span class='ocrx_word' id='word_1_621' title='bbox 594 4229 625 4282; x_wconf 90' lang='lat' dir='ltr'>de</span> <span class='ocrx_word' id='word_1_622' title='bbox 642 4230 791 4282; x_wconf 89' lang='lat' dir='ltr'>haeresibus</span> <span class='ocrx_word' id='word_1_623' title='bbox 809 4246 865 4300; x_wconf 91' lang='lat' dir='ltr'>cap.</span> <span class='ocrx_word' id='word_1_624' title='bbox 877 4229 1024 4284; x_wconf 86' lang='lat' dir='ltr'>LXXXIII.</span> <span class='ocrx_word' id='word_1_625' title='bbox 1053 4228 1232 4282; x_wconf 89' lang='lat' dir='ltr'>Damascenus</span> 
     </span>
     <span class='ocr_line' id='line_1_55' title="bbox 68 4295 955 4365; baseline 0.001 -14"><span class='ocrx_word' id='word_1_626' title='bbox 68 4296 100 4351; x_wconf 89' lang='lat' dir='ltr'>de</span> <span class='ocrx_word' id='word_1_627' title='bbox 129 4296 318 4350; x_wconf 80' lang='lat' dir='ltr'>aeresibuslol.</span> <span class='ocrx_word' id='word_1_628' title='bbox 347 4295 387 4350; x_wconf 82' lang='lat'>85.</span> <span class='ocrx_word' id='word_1_629' title='bbox 417 4295 576 4365; x_wconf 86' lang='lat' dir='ltr'>Nicephorus</span> <span class='ocrx_word' id='word_1_630' title='bbox 588 4297 709 4350; x_wconf 75' lang='lat' dir='ltr'>Callistus</span> <span class='ocrx_word' id='word_1_631' title='bbox 722 4297 765 4350; x_wconf 90' lang='lat' dir='ltr'>lib.</span> <span class='ocrx_word' id='word_1_632' title='bbox 778 4297 809 4352; x_wconf 91' lang='lat' dir='ltr'>V.</span> <span class='ocrx_word' id='word_1_633' title='bbox 823 4314 846 4352; x_wconf 94' lang='lat' dir='ltr'>c.</span> <span class='ocrx_word' id='word_1_634' title='bbox 857 4299 955 4352; x_wconf 87' lang='lat' dir='ltr'>XXIII.</span> 
     </span>
    </p>

    <p class='ocr_par' dir='ltr' id='par_1_10' title="bbox 67 4365 1232 4701">
     <span class='ocr_line' id='line_1_56' title="bbox 116 4365 1232 4438; baseline -0.002 -21"><span class='ocrx_word' id='word_1_635' title='bbox 116 4365 245 4436; x_wconf 81' lang='lat' dir='ltr'>Epicurea</span> <span class='ocrx_word' id='word_1_636' title='bbox 255 4367 368 4433; x_wconf 79' lang='lat' dir='ltr'>vanitas]</span> <span class='ocrx_word' id='word_1_637' title='bbox 386 4365 513 4435; x_wconf 89' lang='lat' dir='ltr'>Epicurus</span> <span class='ocrx_word' id='word_1_638' title='bbox 525 4366 594 4435; x_wconf 84' lang='lat' dir='ltr'>apud</span> <span class='ocrx_word' id='word_1_639' title='bbox 605 4366 751 4436; x_wconf 86' lang='lat' dir='ltr'>Diogenem</span> <span class='ocrx_word' id='word_1_640' title='bbox 762 4365 895 4420; x_wconf 89' lang='lat' dir='ltr'>Laertium</span> <span class='ocrx_word' id='word_1_641' title='bbox 907 4367 950 4420; x_wconf 88' lang='lat' dir='ltr'>lib.</span> <span class='ocrx_word' id='word_1_642' title='bbox 962 4367 997 4420; x_wconf 85' lang='lat' dir='ltr'>X.</span> <span class='ocrx_word' id='word_1_643' title='bbox 1009 4385 1034 4438; x_wconf 86' lang='lat' dir='ltr'>p.</span> <span class='ocrx_word' id='word_1_644' title='bbox 1048 4366 1106 4419; x_wconf 83' lang='lat'>787.</span> <span class='ocrx_word' id='word_1_645' title='bbox 1131 4365 1166 4417; x_wconf 83' lang='lat' dir='ltr'>Tb</span> <span class='ocrx_word' id='word_1_646' title='bbox 1180 4384 1232 4435; x_wconf 65' lang='lat' dir='ltr'>eps-</span> 
     </span>
     <span class='ocr_line' id='line_1_57' title="bbox 68 4429 1232 4505; baseline 0.001 -20"><span class='ocrx_word' id='word_1_647' title='bbox 68 4430 223 4485; x_wconf 66' lang='lat' dir='ltr'>audierasne</span> <span class='ocrx_word' id='word_1_648' title='bbox 236 4429 278 4485; x_wconf 76' lang='grc' dir='ltr'>οὖν</span> <span class='ocrx_word' id='word_1_649' title='bbox 290 4437 339 4486; x_wconf 86' lang='grc' dir='ltr'>τῶν</span> <span class='ocrx_word' id='word_1_650' title='bbox 352 4437 435 4485; x_wconf 83' lang='grc' dir='ltr'>κακῶν</span> <span class='ocrx_word' id='word_1_651' title='bbox 448 4431 461 4484; x_wconf 87' lang='grc' dir='ltr'>ό</span> <span class='ocrx_word' id='word_1_652' title='bbox 475 4431 584 4502; x_wconf 66' lang='grc' dir='ltr'>θάνατος,</span> <span class='ocrx_word' id='word_1_653' title='bbox 603 4433 672 4486; x_wconf 73' lang='grc' dir='ltr'>οὐδὲν</span> <span class='ocrx_word' id='word_1_654' title='bbox 691 4434 751 4504; x_wconf 71' lang='grc' dir='ltr'>πρὸς</span> <span class='ocrx_word' id='word_1_655' title='bbox 767 4433 838 4504; x_wconf 72' lang='grc' dir='ltr'>ἡμᾶς.</span> <span class='ocrx_word' id='word_1_656' title='bbox 869 4433 1013 4505; x_wconf 73' lang='grc' dir='ltr'>Ἐπειδήπερ</span> <span class='ocrx_word' id='word_1_657' title='bbox 1026 4434 1084 4487; x_wconf 81' lang='grc' dir='ltr'>’όταν</span> <span class='ocrx_word' id='word_1_658' title='bbox 1122 4432 1146 4486; x_wconf 77' lang='grc' dir='ltr'>ἒν</span> <span class='ocrx_word' id='word_1_659' title='bbox 1164 4433 1232 4502; x_wconf 78' lang='grc' dir='ltr'>ἡυεῖς</span> 
     </span>
     <span class='ocr_line' id='line_1_58' title="bbox 68 4454 1232 4622; baseline 0.001 -69"><span class='ocrx_word' id='word_1_660' title='bbox 68 4494 169 4587; x_wconf 55' lang='lat' dir='ltr'>&amp;smmi</span> <span class='ocrx_word' id='word_1_661' title='bbox 183 4494 288 4563; x_wconf 60' lang='lat' dir='ltr'>divano!</span> <span class='ocrx_word' id='word_1_662' title='bbox 297 4501 326 4553; x_wconf 83' lang='grc' dir='ltr'>οὖ</span> <span class='ocrx_word' id='word_1_663' title='bbox 340 4501 461 4622; x_wconf 69' lang='lat' dir='ltr'>clipeatis.</span> <span class='ocrx_word' id='word_1_664' title='bbox 489 4499 570 4553; x_wconf 83' lang='grc' dir='ltr'>Ὅταν</span> <span class='ocrx_word' id='word_1_665' title='bbox 588 4501 615 4554; x_wconf 75' lang='grc' dir='ltr'>δὲ</span> <span class='ocrx_word' id='word_1_666' title='bbox 634 4499 762 4563; x_wconf 69' lang='lat' dir='ltr'>luisses&lt;</span> <span class='ocrx_word' id='word_1_667' title='bbox 774 4508 848 4574; x_wconf 76' lang='grc' dir='ltr'>παρῇ,</span> <span class='ocrx_word' id='word_1_668' title='bbox 861 4504 913 4554; x_wconf 79' lang='grc' dir='ltr'>τόθ’</span> <span class='ocrx_word' id='word_1_669' title='bbox 922 4502 991 4572; x_wconf 73' lang='grc' dir='ltr'>ἡμεῖς</span> <span class='ocrx_word' id='word_1_670' title='bbox 1001 4503 1045 4554; x_wconf 81' lang='grc' dir='ltr'>οὐκ</span> <span class='ocrx_word' id='word_1_671' title='bbox 1058 4454 1137 4573; x_wconf 63' lang='lat' dir='ltr'>isphr.</span> <span class='ocrx_word' id='word_1_672' title='bbox 1168 4484 1232 4557; x_wconf 71' lang='lat' dir='ltr'>(Idne</span> 
     </span>
     <span class='ocr_line' id='line_1_59' title="bbox 67 4567 1229 4642; baseline 0 -19"><span class='ocrx_word' id='word_1_673' title='bbox 67 4586 110 4623; x_wconf 78' lang='grc' dir='ltr'>ουν</span> <span class='ocrx_word' id='word_1_674' title='bbox 122 4567 183 4640; x_wconf 64' lang='grc' dir='ltr'>πρὸς</span> <span class='ocrx_word' id='word_1_675' title='bbox 196 4570 252 4630; x_wconf 70' lang='grc' dir='ltr'>τοὺς</span> <span class='ocrx_word' id='word_1_676' title='bbox 264 4573 357 4631; x_wconf 83' lang='grc' dir='ltr'>ζῶντας</span> <span class='ocrx_word' id='word_1_677' title='bbox 383 4570 443 4639; x_wconf 67' lang='grc' dir='ltr'>στὶν,</span> <span class='ocrx_word' id='word_1_678' title='bbox 456 4568 511 4622; x_wconf 81' lang='grc' dir='ltr'>οὔτε</span> <span class='ocrx_word' id='word_1_679' title='bbox 521 4569 581 4640; x_wconf 72' lang='grc' dir='ltr'>πρὸς</span> <span class='ocrx_word' id='word_1_680' title='bbox 594 4571 650 4631; x_wconf 70' lang='grc' dir='ltr'>τοὺς</span> <span class='ocrx_word' id='word_1_681' title='bbox 663 4570 872 4638; x_wconf 66' lang='grc' dir='ltr'>τετελευτηκότας.</span> <span class='ocrx_word' id='word_1_682' title='bbox 900 4570 1045 4641; x_wconf 71' lang='grc' dir='ltr'>Ἐπειδόπερ</span> <span class='ocrx_word' id='word_1_683' title='bbox 1058 4572 1112 4641; x_wconf 67' lang='grc' dir='ltr'>περὶ</span> <span class='ocrx_word' id='word_1_684' title='bbox 1125 4571 1165 4632; x_wconf 82' lang='grc' dir='ltr'>οὓς</span> <span class='ocrx_word' id='word_1_685' title='bbox 1179 4571 1229 4642; x_wconf 75' lang='grc' dir='ltr'>μὲν,</span> 
     </span>
     <span class='ocr_line' id='line_1_60' title="bbox 68 4634 1231 4701; baseline 0.003 -10"><span class='ocrx_word' id='word_1_686' title='bbox 68 4634 196 4692; x_wconf 66' lang='grc' dir='ltr'>οὐκέστιν.</span> <span class='ocrx_word' id='word_1_687' title='bbox 227 4637 257 4691; x_wconf 86' lang='lat' dir='ltr'>Ol</span> <span class='ocrx_word' id='word_1_688' title='bbox 269 4637 292 4691; x_wconf 78' lang='grc' dir='ltr'>δ’</span> <span class='ocrx_word' id='word_1_689' title='bbox 305 4637 385 4691; x_wconf 77' lang='grc' dir='ltr'>οὐκέτι</span> <span class='ocrx_word' id='word_1_690' title='bbox 396 4637 462 4695; x_wconf 67' lang='grc' dir='ltr'>εἰσιν,</span> <span class='ocrx_word' id='word_1_691' title='bbox 495 4639 569 4701; x_wconf 79' lang='lat' dir='ltr'>erod</span> <span class='ocrx_word' id='word_1_692' title='bbox 585 4641 772 4693; x_wconf 81' lang='lat' dir='ltr'>acerbissimum</span> <span class='ocrx_word' id='word_1_693' title='bbox 787 4643 907 4694; x_wconf 70' lang='lat' dir='ltr'>rutilorum</span> <span class='ocrx_word' id='word_1_694' title='bbox 925 4651 997 4694; x_wconf 83' lang='lat' dir='ltr'>estet</span> <span class='ocrx_word' id='word_1_695' title='bbox 1012 4642 1163 4694; x_wconf 81' lang='lat' dir='ltr'>horrendum</span> <span class='ocrx_word' id='word_1_696' title='bbox 1178 4661 1231 4694; x_wconf 88' lang='lat' dir='ltr'>ma·</span> 
     </span>
    </p>
   </div>
   <div class='ocr_carea' id='block_1_3' title="bbox 0 0 1528 5124">
    <p class='ocr_par' dir='ltr' id='par_1_11' title="bbox 0 0 1528 5124">
     <span class='ocr_line' id='line_1_61' title="bbox 0 0 1528 5124; baseline 0 3"><span class='ocrx_word' id='word_1_697' title='bbox 0 0 1528 5124; x_wconf 95' lang='lat' dir='ltr'> </span> 
     </span>
    </p>
   </div>
  </div>
 </body>
</html>
