3046 5124
269 365 331 431 304
682 364 812 407 rumonus
824 329 1005 408 murmanis

335 520 382 583 10.
405 519 708 607 Hemerobaptistae,
729 543 764 588 eo
781 522 863 608 quod
878 522 1014 608 quotidie
1029 512 1219 588 vestimenta
1234 527 1340 586 suaet
1355 541 1420 587 eor·

269 643 343 707 pora
357 621 468 687 lavent.

512 886 576 929 CAP·
592 886 632 928 vl.
664 885 707 929 DE
720 885 907 931 mRESIBUS
922 886 1173 931 ommonem.

332 1034 360 1097 1.
384 1034 514 1112 Quidam
530 1037 624 1099 etiam
637 1033 786 1100 haeretici
801 1039 854 1120 qui
874 1035 912 1101 de
935 1035 1067 1102 ecclesia
1084 1040 1288 1102 recesserunt
1307 1055 1346 1101 ex
1365 1055 1420 1100 no·

267 1137 351 1199 mine
366 1143 526 1202 auctorum
541 1158 665 1203 suorum
681 1145 910 1224 nuncupantur,
926 1140 1053 1224 quidam
1067 1160 1139 1204 vero
1160 1159 1199 1203 ex
1219 1137 1326 1203 causis
1345 1158 1421 1222 quas

269 1237 418 1321 eligentes
432 1240 644 1306 instituerunt.

330 1341 359 1404 2.
388 1341 560 1408 Simoniani
579 1343 657 1408 dicti
677 1366 696 1408 a
716 1343 841 1410 Simone
860 1346 999 1429 magicae
1021 1343 1205 1431 disciplinae
1227 1346 1347 1430 perito,
1371 1345 1421 1409 cui

266 1443 376 1508 Petrus
391 1445 425 1510 iu
438 1446 570 1511 Actibus
585 1446 803 1531 Apostolorum
816 1447 992 1530 maledixit,
1013 1468 1067 1533 pro
1089 1467 1125 1512 eo
1140 1445 1224 1531 quod
1239 1446 1279 1511 ab
1295 1452 1418 1533 aposto·

266 1546 305 1610 lis
326 1547 453 1632 spiritus
477 1550 577 1613 sancti
603 1550 734 1633 gratiam
758 1552 891 1636 pecunia
915 1571 1017 1615 emere
1038 1549 1213 1616 ¹voluisset
1249 1549 1294 1615 Hi
1314 1549 1420 1615 dicunt

267 1655 440 1714 creaturam
454 1671 517 1716 nou
531 1674 550 1715 a
564 1651 632 1733 deo,
651 1653 707 1717 sed
721 1674 739 1716 a
753 1653 866 1717 virtute
883 1653 1016 1737 quadam
1031 1672 1166 1738 superna
1180 1658 1329 1718 creatam.

329 1753 357 1817 3.
379 1754 596 1819 Menandriani
611 1776 630 1818 a
643 1755 813 1821 Menandro
827 1777 933 1840 mago,
955 1753 1107 1840 discipulo
1123 1752 1277 1836 Simonis,
1298 1774 1417 1821 nuncu·

265 1856 341 1942 pati,
357 1855 410 1939 qui
424 1856 575 1921 mundum
589 1878 652 1923 nou
667 1879 685 1921 a
700 1858 769 1941 deo,
783 1856 859 1923 ²sed
873 1859 912 1923 ab
927 1857 1045 1941 angelis
1060 1858 1177 1925 factum
1191 1859 1316 1923 asserit.

328 1958 357 2021 4.
380 1960 563 2026 Basilidiani
581 1960 750 2026 aBasilide
769 1959 931 2047 appellati,
951 1960 1005 2045 qui
1018 1959 1100 2025 inter
1115 1959 1253 2044 reliquas
1267 1958 1414 2047 blasphe-

264 2061 343 2126 mias
357 2083 486 2147 pessum
499 2064 602 2129 lesum
615 2069 739 2148 negant.

327 2163 356 2228 5.
378 2164 549 2230 Nicolaitae
571 2167 647 2233 dicti
666 2165 842 2249 aNicolao,
863 2167 992 2232 diacono
1014 2165 1164 2231 ecclesiae
1182 2165 1414 2252 Hierosolymo·

264 2287 349 2351 rum,
370 2271 422 2352 qui
438 2289 509 2334 cum
523 2268 680 2355 Stephano
697 2275 729 2333 et
743 2271 854 2335 ceteris
869 2272 1058 2336 constitutus
1073 2276 1122 2333 cst
1135 2290 1154 2332 a
1167 2268 1260 2335 Petro
1276 2268 1333 2354 qni
1344 2290 1415 2357 pro·

262 2375 333 2455 pter
354 2371 618 2456 pulchritudinem
638 2372 817 2457 relinquens
838 2392 968 2437 uxorem
989 2372 1110 2437 dixerat
1130 2378 1167 2435 ut
1188 2370 1241 2454 qni
1263 2371 1361 2437 vellet
1380 2392 1415 2437 ea

263 2478 417 2538 uteretur:
432 2495 523 2539 versa
537 2475 633 2539 estin
648 2480 790 2561 stuprum
803 2474 876 2540 talis
891 2474 1092 2558 consuetudo,
1106 2479 1142 2539 ut
1155 2474 1294 2540 invicem
1309 2474 1412 2542 coniu-

263 2578 313 2658 gia
329 2583 599 2658 commutarentur.
623 2578 704 2655 Quos
719 2579 850 2643 Ioannes
864 2580 899 2642 iu
912 2577 1102 2664 Apocalypsi
1115 2576 1275 2663 improbat
1296 2576 1413 2661 dicens,

179 2724 187 2740 .
262 2677 343 2745 ³Sed
357 2681 415 2745 hoc
429 2680 538 2764 habes,
553 2679 634 2764 quod
649 2679 743 2745 odisti
757 2681 839 2747 facta
852 2680 1084 2746 Nicolaitarum.

325 2784 355 2847 6.
379 2782 518 2849 Gnostici
532 2789 658 2869 propter
673 2782 889 2849 excellentiam
903 2786 1052 2848 scientiae
1072 2783 1117 2847 ita
1135 2802 1170 2847 se
1191 2781 1346 2869 appellari
1359 2803 1410 2849 vo·

262 2884 394 2951 luerunt.
416 2888 562 2951 Animam
576 2892 720 2952 naturam
735 2887 786 2952 dei
800 2907 869 2952 esse
885 2886 1004 2970 dicunt,
1018 2886 1136 2951 bonum
1150 2891 1182 2949 et
1191 2884 1313 2952 malum
1323 2885 1411 2953 deum

262 2988 326 3052 suis
342 2989 537 3072 dogmatibus
552 2990 682 3073 fingunt.

324 3093 352 3154 7.
376 3092 640 3177 carpocratianis
655 3092 838 3178 Carpocrate
850 3093 983 3177 quodam
994 3097 1155 3175 vocantur,
1170 3096 1224 3175 qui
1236 3090 1408 3159 (111110111-

261 3198 344 3257 stum
357 3193 515 3259 hominem
529 3196 625 3260 fuisse
640 3201 772 3278 tantum,
787 3201 819 3260 et
833 3196 871 3261 de
885 3202 1016 3280 utroque
1031 3215 1107 3259 sexu
1121 3197 1329 3280 progenitum.

323 3296 351 3360 8.
375 3297 566 3362 Cerinthiani
580 3320 599 3361 a
613 3298 759 3363 Cerintho
780 3298 914 3383 quodam
931 3293 1113 3383 nuncupati.
1148 3297 1190 3361 Hi
1212 3297 1409 3364 intercutem

261 3399 530 3465 circumcisionem
545 3400 722 3484 observant,
735 3399 821 3466 mille
837 3421 935 3466 annos
950 3406 1021 3486 post
1035 3400 1295 3489 resurrectionem
1310 3403 1345 3468 in
1357 3421 1407 3467 vc·

259 3502 377 3589 luptate
394 3504 495 3568 carnis
510 3504 629 3568 futuros
644 3504 834 3588 praedicant.
862 3504 954 3570 Unde
970 3509 1002 3568 et
1016 3504 1133 3568 Graece
1148 3502 1336 3588 Chiliastae,
1353 3504 1407 3573 Lt-

258 3609 322 3672 tine
337 3605 519 3672 ⁴Milliastae
535 3612 608 3671 sunt
623 3606 779 3692 appellati.

320 3711 350 3774 9.
372 3710 502 3775 Nazarei
517 3709 593 3774 dicti
608 3712 661 3793 qui
677 3708 751 3774 dum
762 3709 931 3792 Christum,
946 3711 999 3794 qui
1014 3711 1111 3774 avico
1123 3705 1281 3775 Nazareus
1296 3716 1407 3797 estap-

257 3813 400 3897 pellatus,
406 3812 561 3878 filiumdei
567 3814 783 3895 confiteantur,
791 3814 895 3878 omnia
901 3813 1128 3877 tamenvoteris
1134 3811 1212 3895 legis
1221 3812 1408 3879 custodiunt

322 3917 370 3980 10.
394 3915 525 4002 Ophitae
551 3937 570 3981 a
594 3915 720 3981 colubro
740 3917 893 3980 nominati
913 3922 995 3979 sunt.
1032 3914 1166 3979 Coluber
1186 3915 1273 3980 euim
1295 3916 1407 3982 Graue

257 4017 321 4105 ὄφις
336 4017 458 4083 dicitur.
482 4019 594 4085 Colunt
609 4021 692 4083 euim
707 4025 894 4104 serpentem,
909 4018 1049 4084 dicentes
1064 4020 1168 4101 ipsum
1181 4017 1407 4104 inparatum

256 4121 416 4186 induxisse
431 4123 554 4186 virtutis
571 4122 787 4205 cognitionem.

320 4225 369 4288 11.
390 4224 602 4289 Valentiniani
623 4247 643 4289 a
660 4225 827 4291 Valentino
849 4224 983 4309 quodam
1002 4223 1161 4290 Platonico
1180 4229 1336 4290 seclutore
1354 4244 1406 4289 ro·

256 4329 329 4410 cati,
345 4328 398 4411 qni
413 4325 541 4410 Αἰῶνας,
561 4327 595 4393 id
610 4332 658 4393 est
672 4327 778 4393 secula
792 4327 959 4412 quaedam,
978 4328 1012 4391 in
1027 4326 1179 4411 originem
1193 4325 1246 4391 dei
1260 4326 1405 4393 creatoris

307 4514 329 4567 l.
349 4512 410 4566 Ood.
424 4510 523 4567 meaa.
536 4515 612 4568 addit
620 4514 668 4569 Hic
679 4516 708 4569 11
717 4522 771 4569 tem
804 4512 951 4569 relleronis
962 4515 1020 4580 ruit,
1032 4520 1058 4568 et
1068 4514 1096 4568 in
1105 4512 1273 4569 XXllIanuo
1283 4520 1404 4585 postero·

159 4610 163 4617 -
255 4596 312 4634 cem
329 4580 425 4635 Christi
440 4588 558 4636 mortuus
576 4589 623 4637 est.
691 4583 715 4636 2.
734 4584 768 4639 Co
811 4583 906 4639 saar.
924 4583 970 4639 sed
990 4584 1024 4638 ab
1046 4584 1147 4655 angelis
1162 4582 1263 4639 1101111
1278 4586 1401 4641 mutat

254 4647 279 4703 3.
291 4651 370 4719 Apoc.
382 4648 414 4716 ll,
426 4648 451 4704 6.
501 4651 676 4708 titillarunt
687 4653 770 4706 edidit
778 4653 914 4708 amaa.
