3046 5124
269 377 331 440 214
772 373 925 417 anensrnn

269 528 366 595 unam
385 531 541 594 haeresim
561 532 659 615 ponii.
692 530 848 596 Dicuntur
866 529 1017 595 Euohitae
1039 532 1162 617 opinari
1182 527 1348 595 monaohis
1370 548 1426 591 uon

269 634 363 697 lioere
378 632 601 696 sustentandae
616 635 699 697 vitae
715 653 790 697 snae
806 653 900 697 causa
914 631 1033 716 aliquid
1048 635 1186 716 operari,
1207 636 1301 715 atque
1323 633 1368 694 ita
1382 649 1414 693 se

270 739 354 821 ipsos
368 735 538 799 monachos
553 735 703 819 profiteri,
716 741 752 799 nt
767 737 893 800 omnino
910 733 949 799 ab
966 735 1111 821 operibus
1126 739 1249 799 vacent.

333 836 439 921 Usque
455 837 494 900 ad
510 840 587 901 istos
608 857 680 918 orgo
702 836 739 901 de
760 836 942 901 haeresibus
962 858 1039 922 opus
1055 857 1147 900 sunm
1160 835 1310 922 perduxit
1325 856 1431 922 supra·

272 941 372 1005 dictus
388 942 552 1024 episeopus
569 941 711 1024 Cyprius
727 940 809 1023 apud
826 941 959 1005 Graecos
974 941 1056 1004 inter
1070 960 1199 1022 magnos
1214 936 1355 1021 habitus,
1371 944 1434 1004 eta

270 1043 377 1106 multis
393 1045 427 1105 in
443 1039 613 1106 catholicae
629 1040 703 1104 fidei
718 1044 853 1104 sanitate
868 1042 1022 1107 laudatus.
1060 1042 1156 1107 Cuius
1172 1062 1227 1123 ego
1243 1044 1279 1105 in
1294 1061 1432 1107 comma·

269 1144 428 1210 morandis
444 1143 609 1208 haeretiois
625 1164 687 1207 non
704 1143 842 1225 modum,
857 1143 912 1208 sed
928 1145 1068 1210 ordinem
1089 1165 1160 1209 sum
1181 1149 1319 1208 secutus.
1354 1141 1434 1211 Nam

272 1255 303 1311 at
317 1247 421 1329 aliqua
436 1267 474 1308 en
489 1245 558 1308 aliis
575 1248 663 1329 posui
680 1266 759 1328 quaa
778 1248 844 1329 ipse
865 1267 927 1310 non
942 1249 1063 1330 posuit,
1084 1253 1115 1310 et
1135 1247 1240 1330 aliqua
1260 1267 1326 1311 non
1345 1249 1434 1333 posui

272 1370 350 1434 quae
366 1353 432 1435 ipse
448 1350 567 1433 posuit;
587 1349 691 1430 itaque
712 1347 774 1410 alia
795 1348 888 1413 latius
908 1368 1002 1432 quarn
1017 1352 1099 1434 ipse,
1118 1348 1180 1412 alia
1199 1351 1296 1414 etiam
1309 1347 1434 1413 brevius

272 1452 436 1537 explicari,
451 1469 620 1534 paremque
636 1452 669 1513 in
684 1449 844 1513 nonnullis
857 1449 984 1515 exhibui
997 1452 1197 1533 brevitatem,-
1211 1452 1318 1517 omnia
1327 1450 1434 1516 mode·

271 1574 344 1618 rans
360 1557 441 1617 sicut
455 1553 638 1616 intentionis
655 1572 741 1615 meae
756 1555 834 1616 ratio
848 1552 1038 1637 postulabat.
1060 1551 1195 1619 Proinde
1210 1552 1263 1619 ille
1276 1552 1316 1618 de
1329 1559 1434 1619 octua-

272 1658 358 1739 ginta
372 1656 565 1735 haeresibus
580 1655 732 1738 separatis
747 1656 869 1737 viginti,
885 1675 962 1739 quas
977 1661 1049 1720 ante
1065 1655 1183 1721 domini
1195 1655 1369 1721 adventum
1383 1676 1434 1720 ox·

272 1760 385 1838 titisse,
401 1759 481 1820 siout
496 1759 525 1820 ei
540 1758 642 1820 visum
657 1761 715 1836 est,
731 1759 939 1840 computavit,
954 1757 1088 1842 reliquas
1104 1764 1176 1845 post
1191 1759 1310 1825 domini
1325 1778 1435 1824 asoen·

273 1881 343 1925 sum
358 1865 448 1923 natas
464 1860 626 1942 sexaginta
646 1859 840 1924 brevissimis
860 1859 950 1924 libris
967 1864 1102 1944 quinque
1119 1861 1374 1946 comprehendit,
1389 1868 1435 1925 at·

274 1983 333 2048 que
350 1983 457 2028 omnes
473 1981 528 2026 sex
543 1962 641 2026 libros
657 1963 751 2026 totius
767 1962 908 2027 eiusdem
923 1965 971 2027 sui
988 1965 1089 2048 operis
1105 1963 1207 2029 6feeit.
1239 1963 1304 2046 Ego
1322 1969 1436 2043 antem

274 2068 346 2151 qnia
368 2064 542 2129 seeundum
564 2066 750 2148 petitionem
772 2071 859 2128 tuam
881 2085 933 2129 aas
955 2065 1100 2131 haereses
1115 2086 1288 2131 memorare
1304 2067 1437 2143 institui,

274 2190 352 2254 qnae
376 2172 448 2254 post
474 2166 730 2250 glorificationem
751 2166 867 2233 Christi
887 2187 920 2231 se
941 2164 1090 2233 adversus
1114 2168 1289 2235 doctrinam
1313 2166 1438 2247 Christi,

275 2274 369 2337 etiam
390 2270 448 2335 sub
471 2269 625 2333 velamine
646 2269 814 2333 Christiani
835 2271 972 2335 nominis
996 2269 1190 2353 extulerunt,
1210 2272 1437 2356 quinquaginta

275 2381 396 2460 septam
411 2393 449 2436 ex
463 2371 629 2457 Epiphanii
645 2374 744 2456 ipsius
761 2392 854 2456 opero
869 2374 902 2435 in
916 2393 1022 2436 meum
1034 2372 1192 2456 transtuli,
1207 2373 1285 2438 duas
1297 2375 1332 2437 in
1345 2393 1437 2438 uuam

274 2479 428 2558 reserens,
448 2474 503 2538 ubi
517 2473 636 2537 nullam
652 2474 860 2539 differentiam
875 2477 962 2560 potui
978 2478 1129 2561 reperire,
1146 2482 1178 2541 et
1193 2495 1301 2541 rursus
1316 2475 1374 2541 ubi
1388 2475 1436 2541 ille

275 2601 314 2644 ex
330 2578 450 2644 duabus
471 2597 567 2640 arnam
588 2576 689 2641 facero
710 2577 822 2657 rolnit,
844 2576 903 2640 snb
926 2581 1065 2643 numeris
1088 2580 1152 2642 suis
1176 2577 1316 2662 singulas
1339 2580 1436 2665 posui.

275 2681 337 2748 Sed
352 2681 453 2745 adhue
470 2699 711 2744 commemorare
735 2679 833 2744 dobeo
854 2682 919 2744 sive
941 2701 1018 2764 quas
1039 2680 1122 2765 apud
1137 2680 1215 2746 elios
1229 2684 1354 2768 reperi,
1375 2683 1436 2745 sive

276 2806 351 2870 quas
369 2788 434 2870 ipse
450 2784 644 2847 reminiscor.
681 2781 771 2847 Nunc
793 2802 865 2865 ergo
886 2781 965 2847 addo
983 2803 1059 2866 quas
1074 2781 1230 2848 Philoster
1244 2786 1368 2868 posuit,
1383 2803 1436 2847 nea

275 2890 379 2974 posuit
392 2886 595 2973 Epiphanius.

117 2996 167 3047 Εϊ
181 2994 258 3036 Wffl·
337 2990 627 3071 blatangiamonitao
649 2987 711 3052 diei
731 2993 864 3073 possunt
884 2991 936 3072 qui
954 2988 1183 3071 Malangismon
1205 2994 1370 3072 asserunt,
1391 2988 1436 3055 di·

277 3100 382 3158 centes
398 3095 443 3156 sio
459 3113 527 3156 esso
543 3093 575 3154 in
589 3097 678 3176 patre
691 3091 799 3173 lilium,
815 3089 969 3174 quomodo
982 3112 1038 3155 vas
1050 3093 1082 3155 in
1094 3111 1179 3173 raso,
1195 3093 1284 3175 qussi
1297 3091 1360 3157 duo
1373 3114 1437 3157 aor-

276 3218 352 3283 pora
372 3194 537 3259 carnaliter
557 3196 738 3279 opinantes,
760 3196 804 3257 ita
822 3199 858 3258 ut
876 3194 960 3257 filins
979 3195 1076 3257 intret
1094 3194 1127 3257 in
1146 3199 1268 3282 patrem
1288 3200 1438 3281 tanquam

277 3318 332 3364 vas
347 3300 450 3362 minus
466 3299 498 3359 in
514 3317 568 3360 vas
585 3298 695 3360 maius.
717 3295 808 3362 Unde
825 3301 857 3359 et
871 3295 934 3360 tale
950 3317 1064 3360 nomeu
1078 3296 1131 3361 hio
1147 3316 1232 3361 error
1247 3301 1389 3384 aooepit,
1408 3304 1441 3363 ut

278 3400 481 3492 μεταγγισμὸς
498 3401 614 3464 Graece
630 3398 800 3476 dicoretur-3
816 3400 940 3489 ἀγγεῖον
959 3400 1074 3485 quippe
1095 3397 1149 3462 illa
1163 3397 1271 3483 lingua
1284 3421 1342 3465 vas
1363 3398 1439 3469 dioi-

278 3512 339 3585 tur,
354 3503 410 3567 sed
426 3504 569 3568 introitus
591 3505 684 3566 unius
705 3504 787 3566 vasis
809 3502 842 3564 in
857 3500 990 3565 alterum
1016 3501 1125 3565 Latine
1150 3521 1212 3566 uno
1232 3504 1364 3569 nomine
1379 3523 1441 3570 non

278 3613 382 3694 potest
397 3606 457 3671 dioi
474 3607 554 3670 siout
570 3607 684 3670 Graeco
701 3606 804 3689 potnit
818 3603 1030 3694 μεταῃίσμός.

143 3715 193 3765 ⁰⁸1³·
206 3713 261 3755 ΗΧ·
342 3709 517 3774 seleuciani
533 3715 605 3772 sunt
619 3707 668 3772 voi
683 3707 845 3770 llermiani
860 3705 899 3770 ab
916 3707 1095 3772 auctoribus
1110 3706 1240 3773 Seleuco
1257 3713 1290 3773 et
1303 3710 1442 3793 Hermia,

280 3816 332 3898 qui
348 3813 570 3875 elomentorum
584 3811 763 3890 materiam,
783 3809 822 3873 de
839 3810 1015 3893 quassatus
1031 3815 1080 3874 est
1092 3810 1244 3893 mundus,
1265 3832 1329 3877 non
1351 3834 1370 3878 a
1385 3812 1442 3881 deo

280 3919 393 3980 factam
405 3917 521 3995 dieunt,
537 3913 592 3978 sed
604 3913 661 3977 doo
674 3919 881 3977 coaeternam.
903 3912 968 3976 Neo
981 3915 1118 3977 animam
1130 3912 1186 3978 deo
1198 3913 1344 3981 tribuunt
1355 3938 1441 3982 orea-

279 4022 350 4100 tori,
367 4018 421 4082 sed
437 4023 591 4081 creatores
607 4037 675 4079 esso
691 4018 866 4080 animarum
881 4015 1007 4099 angelos
1022 4014 1133 4080 volunt
1155 4015 1192 4081 de
1214 4018 1286 4099 igne
1302 4025 1335 4082 et
1349 4021 1442 4107 spiri-

280 4129 323 4185 tu.
346 4121 462 4186 Malum
476 4126 582 4184 autem
596 4124 741 4183 asserunt
756 4138 826 4183 asse
841 4117 1007 4202 aliquando
1022 4140 1042 4183 a
1056 4118 1130 4201 deo,
1148 4118 1319 4204 aliquando
1341 4143 1441 4189 ama·

280 4227 368 4288 teria.
400 4223 522 4306 Negant
536 4222 722 4287 salvat-orem
738 4223 769 4285 in
786 4240 878 4285 oarna
893 4221 1001 4284 sedere
1017 4222 1058 4286 ad
1073 4221 1235 4288 dexteram
1249 4227 1367 4311 patrie,
1387 4224 1441 4291 sed

282 4349 365 4392 ease
381 4329 503 4392 exuisse
518 4325 695 4410 perhibent,
710 4342 839 4409 eamque
853 4325 887 4388 in
902 4322 967 4388 solo
978 4327 1132 4410 posuisse,
1147 4327 1341 4411 eooipiantes
1352 4348 1441 4394 eoos·

333 4583 356 4637 6.
373 4581 449 4636 Edita·
463 4581 492 4635 in
507 4597 556 4635 sax
572 4581 651 4635 libros
668 4582 749 4635 totins
770 4580 886 4636 desdam
903 4582 945 4636 sui
956 4582 1041 4654 operis
1056 4582 1119 4637 feeit
1135 4580 1261 4638 eonelad'a
1296 4581 1372 4637 MSS.
1383 4600 1440 4639 sero

284 4670 328 4705 neo
340 4651 598 4720 babeatporticulom
609 4649 645 4714 in,
658 4666 704 4702 aar
715 4650 815 4703 verbam
827 4649 954 4705 concludi.
989 4648 1109 4720 (Benedl
