3046 5124
71 100 178 153 &meet
187 100 246 161 dea,
264 107 289 151 et
297 103 401 168 pretias
412 103 516 169 cantet,
533 102 610 152 etiam
621 99 697 161 inias
711 103 793 168 ipsias
802 102 876 168 sacti
895 100 959 153 miii
974 103 1089 155 reddidit
1102 108 1234 168 radonem,

70 176 96 220 et
105 169 212 221 addidit
221 169 321 220 dicens:
338 170 381 221 det
390 170 438 220 tibi
449 170 562 221 dominas
574 171 713 236 exaequari
724 168 850 220 nobitcnm
861 171 888 220 in
900 169 1012 221 omnibns
1021 180 1051 223 nt
1107 189 1136 224 ae
1153 183 1177 225 to
1190 174 1234 225 ba·

65 239 197 305 parmate,
273 239 277 250 '
301 237 338 289 ad
348 238 453 290 eandem
464 237 591 289 nobiscnm
603 240 736 289 convenire
748 254 866 290 erraneam.
884 235 1038 293 etlinun.
1050 189 1123 292 Cdl
1141 238 1166 293 3.
1183 240 1236 294 Sed

70 304 173 357 stilied
225 321 348 368 mamm,
360 322 471 358 mensam
482 323 538 357 cam
547 305 663 372 pentibus
674 323 723 356 non
735 304 829 356 labere
841 322 1002 369 communem,
1019 310 1071 359 nisi
1081 325 1136 359 cam
1150 311 1233 362 credi-

70 373 164 435 derint,
175 380 201 424 et
210 383 314 442 recepta
325 378 433 426 veritate
450 374 576 442 baptisati
579 377 692 441 suerint,
712 391 744 425 ac
761 377 831 425 trina
847 374 958 441 pandam
970 375 1039 426 isati
1049 379 1155 428 staminis
1165 381 1234 430 ineo·

55 446 58 451 ’
70 442 337 505 marcomeres,
350 452 375 493 et
385 452 443 493 tanc
455 460 510 492 cnm
522 444 559 492 eis
571 442 651 493 cibam
660 445 785 493 sumimus.
802 441 924 510 Alioquin
931 445 1033 494 etiamsi
1039 453 1117 512 pater
1126 453 1171 495 ant
1181 463 1234 499 ma·

69 519 110 562 ter
119 513 179 570 sint,
192 519 310 561 atteror
323 511 437 578 autfini,
452 514 614 578 autfratres,
628 528 676 561 aon
683 527 816 578 possamus
828 527 883 561 cnm
895 514 932 562 eie
942 528 1052 562 namnam
1064 511 1158 563 labere
1171 531 1234 565 com-

68 593 173 628 manem.

120 645 258 697 Abstinere
270 653 356 698 antem
369 647 401 698 ab
414 647 552 715 aliquibus,
564 663 617 699 non
630 646 705 714 quasi
716 646 804 712 malis]
824 645 963 698 Christiani
973 647 1105 699 abstinent
1117 665 1144 700 se
1157 649 1234 701 inter·

70 712 134 765 dum
145 713 266 766 carnibus
279 720 305 766 et
316 715 385 777 vino,
398 732 450 766 nou
463 715 531 799 quod
544 715 607 766 haec
619 720 744 782 tauquam
762 714 920 783 βδελύγματα
937 715 1049 779 oderint,
1067 713 1132 766 ἀλλὰ
1144 721 1187 767 τοῦ
1200 717 1233 786 μὴ

68 785 177 903 lilii
194 779 1233 920 ttb‘tnihilitate.llttttlttlllt.tttttt

69 919 143 970 aibas
155 928 179 969 et
191 938 208 969 a
222 921 277 969 sim
287 919 419 982 abstineat,
432 938 479 970 non
491 929 533 970 tan
551 939 608 970 nam
618 938 659 970 res
667 921 810 970 imrnandas
819 923 954 986 refapinnt,
966 922 1012 971 sed
1020 923 1159 972 meridianis
1167 927 1235 973 ritae

69 988 186 1038 instituta
202 995 339 1038 sectantur.
357 993 383 1038 et
400 1004 455 1056 cap.
472 938 552 1040 de.
571 988 728 1039 Firmissime
745 996 806 1049 tene,
823 990 973 1050 servusdei,
990 992 1033 1057 qni
1050 1008 1066 1039 a
1079 991 1200 1041 carnibus
1212 999 1237 1040 et

69 1058 129 1106 vino
141 1054 274 1116 abstinent,
287 1074 335 1106 non
348 1066 473 1123 tamquam
485 1059 622 1119 imrannda,
634 1075 698 1124 qaae
711 1076 728 1106 a
741 1057 872 1123 deojacta
883 1066 993 1106 centres
1012 1075 1077 1118 aere,
1095 1059 1141 1108 sed
1152 1077 1168 1109 a
1174 1062 1234 1126 sbr-

70 1125 132 1175 tisri
148 1123 203 1174 ribo
219 1133 243 1174 et
253 1134 329 1191 pota,
365 1126 459 1175 rasela
473 1128 642 1191 cristipatione
660 1143 703 1176 cor
722 1128 775 1176 oris
792 1124 924 1177 abstinere.
955 1076 1018 1175 Vide
1036 1123 1161 1192 Cyrillum
1176 1127 1234 1177 Ale-

68 1189 228 1245 xandrinum
240 1199 329 1244 contra
343 1142 475 1244 Iulianum
492 1193 537 1244 lib.
550 1192 604 1245 VII.
620 1192 665 1243 fol.
681 1192 691 1243 I
712 1192 736 1246 7.
755 1199 781 1243 et
797 1197 913 1261 sequent.
943 1191 1069 1260 Cyrilluni
1087 1193 1234 1261 Hierosoly·

68 1258 159 1312 mitam
172 1276 240 1322 κατη·
255 1298 260 1309 .
274 1259 295 1310 ὃ.
310 1262 401 1327 patilo
422 1259 482 1310 ἔνων
495 1257 518 1310 ἐν
531 1259 709 1329 Ἰεροσολύμοις
740 1276 782 1329 ag.
795 1259 836 1314 23.
860 1260 1009 1312 l'ertullian.
1027 1261 1150 1314 adversus
1167 1263 1235 1315 Mar·

69 1326 173 1380 cionem
183 1277 448 1396 tib.I1.cap.xvht.
478 1327 619 1380 Bernhard.
633 1327 664 1379 de
676 1277 753 1380 modo
772 1329 837 1380 bene
850 1329 953 1380 vivendi
970 1345 1046 1383 serm.
1060 1330 1158 1384 XXlV.
1187 1330 1234 1383 Pe·

68 1401 139 1449 trum
151 1395 308 1448 Damianum
321 1397 394 1466 epist.
407 1396 426 1448 Ι.
439 1397 562 1449 adnotata
573 1397 606 1448 ad
618 1397 757 1448 Minutium
769 1396 882 1448 Felicem
898 1396 943 1450 fol.
956 1397 1020 1449 LIV.

103 1463 165 1533 Cap.
177 1463 280 1517 LXVII.
289 1495 322 1503 -
340 1465 424 1517 Malas
437 1464 520 1516 dicere
533 1465 636 1534 nuptias
650 1463 855 1516 hierachitarum
867 1471 892 1515 et
903 1465 1116 1519 Manichaeorum
1129 1469 1181 1533 est]
1192 1467 1234 1520 llli

70 1533 139 1585 enim
152 1532 346 1584 matrimonium
364 1540 393 1585 ut
408 1534 520 1597 malurn,
537 1540 563 1584 et
580 1533 752 1602 impudicitiae
771 1534 905 1601 negotium
921 1535 1072 1602 reprobant,
1093 1536 1234 1588 vanissime

70 1607 230 1664 merentes,
248 1620 341 1653 omrrem
360 1606 449 1653 coitum
466 1620 583 1670 spurcam
601 1621 665 1662 esse,
685 1619 729 1652 nec
748 1607 894 1668 cortiayatos
905 1620 980 1668 passe
992 1621 1095 1668 reprcunt
1108 1606 1234 1655 caelarunt

115 1671 205 1723 sidere.
224 1667 383 1738 Epiphanius
397 1668 494 1721 haeres.
506 1669 610 1722 LXVII.
633 1667 791 1720 Athanasius
804 1674 893 1720 contra
905 1685 995 1720 amires
1008 1668 1106 1721 haeres.
1119 1671 1163 1723 iol.
1175 1670 1233 1724 852.

102 1753 244 1806 eronymus
257 1737 288 1788 ad
302 1738 460 1790 Caelantiam
478 1739 553 1806 epist.
565 1737 635 1790 XIV.
648 1753 676 1788 ce
698 1777 703 1789 .
719 1736 783 1790 VIII.
800 1737 924 1788 adversus
942 1736 1039 1788 Ionian.
1058 1738 1101 1790 lib.
1114 1738 1133 1790 I.
1146 1755 1201 1808 cap.
1214 1738 1233 1793 I.

69 1804 193 1859 heuneus
205 1805 328 1858 adversus
342 1805 440 1859 haeres.
453 1806 497 1857 lib.
511 1806 528 1856 I.
541 1822 597 1874 cap.
616 1755 706 1857 XXX.
719 1812 745 1857 et
757 1812 875 1874 sequent.
905 1803 993 1856 Iohan.
1013 1805 1189 1859 Damasceuus
1203 1807 1233 1859 de

69 1872 171 1928 haeres.
187 1873 232 1925 sol.
249 1873 307 1928 581.
337 1875 489 1927 Tertullian.
507 1883 596 1926 contra
612 1873 773 1926 Marcionem
789 1874 834 1927 lib.
852 1872 870 1924 I.
888 1888 944 1942 cap.
961 1873 1062 1926 XXIX.
1095 1876 1233 1943 Angustin.

71 1951 163 1996 eonas
179 1942 318 1994 Secundin.
346 1941 528 1995 Manichaeum
550 1958 606 2011 cap.
625 1941 699 1996 XXI.
717 1948 744 1994 et
764 1941 795 1994 de
810 1940 909 1994 haeres.
927 1958 982 2010 cap.
999 1941 1091 1996 XLVI.
1124 1944 1233 2012 Vigilius

69 2009 119 2064 1³1³.
136 2012 163 2063 ln
182 2010 275 2064 decret.
294 2017 356 2063 tom.
369 2011 393 2063 2.
423 2009 605 2063 Consiliorum.
624 2009 720 2063 Concil.
739 2008 892 2079 Gangrense
910 2025 965 2080 cap.
979 2009 996 2062 l.
1027 2009 1123 2062 Concil.
1139 2011 1234 2064 Braca-

69 2095 145 2132 rense
157 2078 176 2131 I.
189 2095 245 2148 cap.
258 2077 304 2132 XI.
327 2080 423 2148 Siquis
435 2085 554 2146 coriiapia
567 2079 678 2130 hamana
691 2081 808 2141 damnat,
827 2086 851 2130 et
857 2083 1061 2146 procreationem
1079 2085 1233 2131 nascentiam

64 2149 327 2218 perhorrescit,·sicnt
337 2147 506 2199 Manielaeas
519 2159 542 2199 et
555 2147 734 2198 Priscillianus
747 2150 821 2209 dirit,
834 2145 1022 2200 anathemasti.
1052 2146 1169 2216 [gnatius
1182 2150 1233 2199 Au·

69 2214 181 2269 tiochiae
194 2214 404 2304 archiepiscopus
416 2215 526 2285 epistola
538 2214 580 2268 VI.
594 2216 626 2267 ad
638 2213 864 2285 Philadelphenses
877 2230 937 2321 pag.
949 2213 991 2267 34.
1021 2211 1078 2266 Ἐάν
1094 2232 1128 2276 τις
1141 2212 1233 2285 φθορὰν

70 2282 110 2337 tal
123 2284 252 2354 polaaabt
266 2282 328 2348 καλῆ
341 2301 384 2349 την
396 2285 499 2365 tbptpor
513 2283 587 2352 μίξιν,
606 2283 646 2334 sal
663 2282 705 2349 τὴν
723 2286 771 2334 τῶν
785 2283 879 2334 παίδων
892 2300 995 2352 pusato,
1014 2280 1030 2348 ἤ
1042 2300 1094 2333 τινα
1106 2286 1155 2334 τῶν
1168 2283 1233 2353 βρω·

70 2349 154 2424 μάτων
167 2334 294 2419 pithsaei,
309 2340 322 2402 b
335 2356 443 2412 τοιοῦτος
457 2370 548 2402 evortes
561 2348 610 2420 ἔχει
623 2352 664 2402 rbi
678 2349 798 2421 δράκοντα
810 2351 852 2401 τὸν
865 2348 1011 2417 ἀποστάτην.

121 2419 200 2474 Cibus
213 2437 315 2489 quoque
327 2419 430 2472 credere
442 2421 537 2486 malos]
555 2412 641 2483 Cibos,
655 2437 720 2489 quos
733 2421 796 2471 deus
809 2419 905 2471 creavit
917 2418 949 2470 ad
962 2419 1101 2483 utendum,
1114 2436 1233 2473 auersan-

70 2496 112 2543 tur
124 2495 150 2541 et
167 2497 292 2558 respuunt
309 2488 452 2551 Tacianus,
471 2488 631 2553 Encratitae,
649 2488 812 2551 Iovinianus,
830 2486 999 2540 Manichacus
1012 2493 1037 2538 et
1048 2486 1233 2540 Priscillianus.

68 2556 243 2625 Hieronymus
256 2557 378 2609 adversus
391 2556 516 2615 Iovinian.
530 2557 574 2610 lib.
584 2556 603 2608 I.
616 2573 672 2626 cap.
681 2556 700 2609 I.
730 2553 890 2624 Epiphanius
902 2553 1001 2607 haeres.
1017 2554 1119 2608 XLVII.
1133 2567 1159 2608 et
1169 2556 1233 2610 LVI.

69 2624 245 2679 Theodoretus
258 2625 367 2678 divinor.
381 2624 474 2677 decret.
487 2625 598 2693 epitome
610 2626 654 2678 fol.
664 2623 723 2678 416.
736 2632 762 2675 et
773 2623 868 2675 haeret.
880 2622 990 2676 fabular.
1003 2623 1047 2675 lib.
1057 2623 1076 2675 I.
1093 2625 1232 2694 Angustia.

68 2693 169 2748 haeres.
178 2693 268 2747 XLVI.
287 2700 312 2745 et
324 2701 413 2745 contra
423 2692 549 2744 Faustum
560 2693 741 2746 Manichaeum
753 2692 797 2743 lib.
807 2691 849 2743 VI.
862 2707 917 2762 cap.
929 2690 973 2746 Vl.
998 2691 1116 2745 Clemens
1129 2695 1233 2747 constit.

68 2762 114 2816 lib.
125 2762 168 2817 VI.
181 2778 237 2831 cap.
247 2761 282 2815 X.
297 2772 322 2814 et
334 2761 419 2815 XXV.
445 2761 568 2813 Nicolaus
581 2761 629 2815 PP.
643 2761 675 2813 ad
688 2761 806 2814 consulta
818 2759 991 2825 Balgarorum
1004 2776 1025 2812 c.
1039 2759 1129 2815 XLIII.
1154 2761 1233 2815 Bern-

67 2826 165 2885 hardns
178 2847 255 2900 super
268 2829 374 2885 Cantica
386 2846 463 2882 serm.
477 2829 691 2882 exultanter.
716 2831 797 2881 Autor
814 2827 845 2880 de
861 2828 912 2881 fide
930 2828 963 2882 ad
974 2828 1079 2881 Petrum
1090 2829 1234 2884 Diaconum

69 2915 126 2970 cap.
137 2898 206 2952 XLI.
225 2899 368 2952 Concilium
380 2898 539 2951 Bracarense
549 2898 568 2951 I.
581 2914 636 2967 cap.
646 2897 716 2950 XIV.
733 2896 764 2948 Si
781 2901 835 2965 qais
850 2901 989 2950 immundos
1000 2908 1079 2967 putat
1094 2901 1162 2951 ailoe
1175 2919 1233 2951 aar·

68 2974 144 3032 niam,
157 2986 216 3037 qnos
228 2970 289 3019 deas
299 2972 326 3018 in
339 2987 408 3018 asam
420 2967 544 3018 horminum
557 2969 639 3025 dedit,-
655 2975 678 3017 et
693 2985 741 3018 non
754 2975 862 3035 propter
879 2967 1041 3034 afflictionem
1058 2972 1099 3018 sni
1110 2972 1232 3036 corporis,

68 3038 115 3090 red
125 3041 199 3106 qnasi
210 3036 393 3088 immunditiam
400 3046 504 3105 putans,
523 3039 560 3088 ita
574 3036 701 3086 abstineat
712 3034 744 3086 ab
758 3039 801 3096 eis,
814 3044 842 3086 at
853 3051 897 3085 nec
909 3038 980 3087 olera
994 3046 1066 3088 cocta
1080 3054 1134 3086 cam
1147 3040 1233 3087 carni·

69 3105 114 3158 bus
145 3113 279 3173 raeqnstet,
292 3108 357 3155 sicat
368 3104 537 3156 Manichacus
550 3114 574 3154 et
585 3103 767 3154 Priscillianus
779 3104 923 3165 docuerant,
937 3103 1073 3155 anathema
1085 3107 1126 3155 sit.

121 3124 183 3242 Cap.
195 3172 310 3227 LXVIII.
324 3202 357 3210 -
374 3172 496 3226 Sacratae
509 3171 652 3252 virgInitati
663 3171 767 3241 nuptias
785 3173 940 3239 coaequare]
963 3171 1111 3223 Iovinianus
1125 3170 1233 3224 haereti·

69 3258 124 3307 cus,
137 3241 266 3294 Sarmatia
279 3248 305 3294 et
316 3240 490 3294 Barbatisnus
503 3240 635 3309 vanrloqui
647 3238 776 3304 homines,
794 3241 945 3292 asserebant
958 3244 1080 3306 viraines,
1095 3243 1197 3303 ridaas,
1210 3251 1234 3292 et

67 3315 214 3372 maritatas,
226 3328 290 3378 qnae
302 3312 377 3362 semel
387 3314 414 3362 in
427 3310 526 3362 Christo
539 3313 605 3362 lotae
617 3319 707 3371 essent,
726 3313 750 3360 si
768 3327 815 3360 reon
832 3311 1009 3375 discreparent
1026 3311 1135 3358 caete-ris
1151 3312 1233 3376 aperi·

69 3380 121 3442 ius,
134 3382 242 3432 eiusdem
255 3396 307 3431 esse
319 3382 409 3441 meriti,
423 3380 562 3446 nullamque
575 3394 626 3430 esse
645 3379 792 3429 distantiam
804 3381 871 3428 inter
883 3376 1034 3426 abstinentes
1050 3385 1074 3426 et
1083 3378 1233 3443 sinpliciter

68 3449 206 3528 epulantes.
224 3447 396 3514 Hieronymus
409 3446 531 3499 adversus
541 3445 664 3499 Iovinisn.
676 3445 720 3497 lib.
733 3445 754 3497 I.
764 3461 819 3514 cap.
830 3444 860 3495 II.
873 3443 986 3495 isidorus
996 3443 1155 3512 llispalensis
1168 3444 1232 3514 orig.

67 3515 113 3569 hb.
122 3515 189 3568 VIII.
202 3532 257 3585 cap.
268 3515 297 3567 V.
311 3515 449 3583 Angustia.
461 3514 559 3569 haeres.
569 3513 703 3567 LXXXII.
715 3513 746 3565 de
758 3519 923 3583 peccatorum
934 3513 1033 3563 meritis
1045 3519 1071 3563 et
1081 3513 1233 3566 remissione

66 3583 113 3637 lib.
123 3583 166 3637 III.
179 3601 209 3636 ca
230 3583 301 3638 .VII.
326 3582 422 3635 Contra
440 3583 504 3635 duas
522 3583 644 3653 epistolas
662 3582 793 3650 Pelagien.
812 3580 937 3633 ton1.VlI.
955 3597 986 3631 ca
1007 3579 1053 3633 .ll.
1080 3579 1232 3634 Ambrosius

68 3654 144 3724 epist.
154 3601 238 3706 XXV.
250 3653 294 3705 ra.
305 3651 361 3704 238.
380 3651 529 3720 Hieronym.
544 3652 575 3704 ad
588 3651 732 3704 Celantiam
749 3650 822 3718 epist.
834 3647 904 3701 XIV.
918 3664 974 3718 cap.
985 3597 1051 3700 itu.
1069 3651 1233 3718 apostolicae

69 3724 201 3775 doctrinae
213 3723 303 3788 repnla
317 3738 361 3772 aec
374 3739 428 3771 cam
442 3721 576 3772 latiniano
587 3730 680 3787 aequat
691 3721 859 3770 continentiae
869 3734 947 3784 ope-ra
958 3737 989 3767 rra
998 3723 1111 3779 iliarum,
1124 3736 1168 3771 nce
1178 3736 1233 3769 cam

68 3789 224 3842 Mernielaeo
237 3791 521 3857 corziapiacandemnat.
537 3787 601 3841 Vide
609 3783 980 3865 SulpitiumSeverumdialog.
988 3737 1011 3838 i
1020 3784 1050 3837 de
1056 3785 1110 3837 vita
1119 3786 1232 3838 Martini.

120 3856 182 3927 Cap.
195 3857 290 3911 LXIX.
304 3887 337 3896 -
354 3856 459 3926 Integra
476 3856 525 3908 fide
543 3856 698 3909 credendum
715 3859 767 3916 est,
784 3853 888 3905 beatam
900 3853 1010 3906 Mariam
1027 3853 1154 3922 eumaem
1172 3871 1232 3907 con·

69 3926 178 3997 cepisse,
191 3934 216 3978 et
227 3933 288 3996 post
299 3933 401 3996 partum
414 3925 541 3993 virginem
550 3925 687 3988 mansisse]
704 3921 743 3974 Ex
764 3928 847 3990 ugnat
856 3922 1094 3991 argumentationes
1103 3922 1233 3975 Antidico·

68 3995 228 4059 maritarum,
241 3993 433 4057 claudianum,
446 4000 472 4045 et
482 3992 594 4045 Helvidii
604 3990 734 4053 haeretici,
746 3938 868 4043 boenas:
880 3992 906 4042 δ’.
918 3991 1032 4043 Mariam
1043 3995 1167 4059 sirpinem
1174 4002 1235 4061 post

69 4068 227 4117 nativitatem
239 4065 377 4115 saltatoris
390 4081 419 4113 es
432 4065 555 4115 consortia
568 4061 625 4113 Iose
644 4061 746 4128 lifiiios
757 4062 907 4127 suscepisse,
920 4063 1069 4128 qnifratres
1081 4060 1202 4122 dannaia
1222 4089 1232 4102 ·

64 4133 160 4202 peliaci
170 4141 234 4186 sant.
252 4132 401 4200 Hieronym.
415 4137 476 4183 torn.
486 4129 517 4182 II.
528 4128 573 4182 iol.
586 4081 642 4182 lad
654 4135 718 4180 etse
739 4125 941 4180 .Bonaventura
957 4133 1068 4182 sentent.
1086 4127 1131 4181 lib.
1140 4125 1183 4180 IV.
1196 4078 1232 4180 di·

69 4200 331 4256 stinct.XXX.num.
340 4199 364 4252 5.
379 4197 528 4252 Gennadius
534 4196 565 4250 de
571 4197 633 4251 siris
642 4197 679 4249 ill.
689 4143 1231 4266 inhelvidiohpipheniushaer.LXXVIll.

980 4281 1031 4335 25·
