3046 5124
237 369 298 436 14⁰
741 360 890 404 maarai

235 523 372 608 undique
385 521 518 586 infinitis
534 523 629 584 etiam
643 517 715 583 aliis
730 519 935 583 extrinsecus.
959 517 997 582 In
1011 515 1115 582 medio
1131 520 1238 581 autem
1249 537 1288 582 ea
1299 519 1400 602 posita

236 625 389 712 psallebat
404 644 476 688 cum
490 621 604 708 populo
620 622 820 685 beatissimus
836 624 903 705 ipse
918 619 1021 686 David
1036 619 1230 705 patriarcha,
1251 626 1284 683 et
1298 623 1398 686 incor-

235 730 406 815 porationis
428 726 543 790 Christi
564 725 683 789 domini
705 725 819 807 quippe
839 731 874 786 ut
894 726 984 786 testis
1008 728 1115 786 tantus
1130 744 1167 786 ac
1183 723 1399 807 praedestina·

235 839 286 894 tus
301 853 320 893 a
334 830 476 908 domino,
493 827 682 912 psalmorum
699 826 823 889 diversa
837 825 950 907 gandia
965 832 997 887 et
1012 823 1121 888 laudes
1136 827 1253 909 pariter
1268 846 1333 890 non
1349 825 1399 889 alii

236 935 297 997 nisi
313 933 404 1016 llipsi
420 931 545 994 Christo
567 928 691 992 domino
709 928 849 992 canendo
866 926 1034 1007 referebat,
1054 929 1199 1010 trinaque
1214 930 1283 992 vice
1298 931 1400 1012 quoti·

237 1036 311 1100 diem
327 1055 399 1099 cnm
414 1033 606 1096 orationibus
621 1030 811 1114 psalmorum
823 1033 918 1094 etiam
929 1030 1053 1094 ¹⁴cantu
1065 1036 1231 1094 resonante
1248 1033 1335 1095 omni
1348 1030 1400 1095 dc·

235 1137 410 1202 lactabatur
421 1155 492 1199 cum
503 1134 628 1219 populo,
645 1133 783 1197 divinam
795 1133 911 1197 Christi
922 1135 1133 1216 praesentiam
1144 1133 1332 1214 nuntiando,
1348 1133 1401 1197 de·

237 1261 296 1325 qua
312 1260 349 1302 ea
364 1258 396 1301 re
411 1238 517 1300 futura
530 1236 643 1318 gaudia
658 1235 762 1299 seculo
779 1234 1038 1320 ¹⁵promittend03
1060 1234 1098 1298 de
1119 1254 1179 1319 quo
1201 1242 1234 1299 et
1255 1235 1400 1300 dominus

237 1343 381 1424 dignatus
397 1346 446 1403 est
461 1338 574 1419 dicere,
589 1337 704 1402 multos
719 1338 816 1400 fuisse
832 1337 999 1421 prophotas
1015 1344 1047 1400 et
1062 1341 1252 1422 sapientesl,
1269 1344 1302 1402 et
1317 1337 1400 1403 desi·

238 1445 362 1509 donasse
378 1441 484 1506 vidoro
501 1448 533 1503 et
551 1440 658 1504 audire
675 1461 753 1522 quae
770 1439 901 1524 apostoli
917 1437 1024 1504 audire
1040 1447 1222 1504 meruerunt
1237 1447 1270 1504 et
1283 1440 1399 1506 videre.

236 1546 317 1612 Nam
332 1543 414 1628 quod
430 1551 462 1606 et
477 1544 664 1606 Graecorum
679 1545 748 1626 ipsa
763 1563 841 1626 quae
857 1541 982 1607 videtur
997 1563 1066 1606 esse
1082 1545 1238 1627 sapientia
1254 1543 1324 1608 ¹⁶ox
1338 1542 1403 1627 lege

238 1654 330 1731 atque
351 1646 511 1732 prophetis
533 1651 565 1707 et
584 1644 761 1730 specialiter
781 1644 820 1708 rte
841 1644 972 1709 1⁷Dauid
987 1647 1043 1725 sit,
1063 1645 1237 1709 secundum
1258 1651 1403 1730 tempus⁰

238 1750 383 1814 omuibus
398 1747 637 1811 ”manifestum
673 1747 804 1831 ideoque
820 1752 853 1810 et
867 1749 976 1830 potitae
998 1746 1112 1831 aliique
1128 1750 1289 1831 sapientes
1304 1751 1403 1813 versi·

239 1852 297 1917 bus
320 1850 402 1934 quod
424 1849 547 1913 voluere
572 1850 673 1913 dicero
696 1850 847 1913 imitando
867 1848 1025 1914 eundemr
1048 1853 1152 1915 eonati
1175 1857 1249 1914 sunt
1269 1851 1404 1934 tingere3

239 1976 316 2040 quae
332 1960 515 2035 argumenta
531 1973 602 2017 cum
618 1952 655 2015 de
671 1952 737 2033 lege
753 1958 846 2035 atque
862 1951 1023 2036 prophetis
1040 1960 1213 2036 sumerent,
1229 1955 1404 2018 immutatis

238 2057 417 2122 nominibus
438 2076 511 2119 eum
531 2058 600 2118 iura
622 2057 760 2118 veritatis
780 2053 896 2118 violare
919 2054 942 2091 ¹⁹
948 2062 1133 2140 properant,
1155 2077 1231 2120 suae
1252 2056 1403 2142 perfidiae

239 2161 363 2225 diversa
376 2158 540 2223 mendacia
555 2156 659 2221 seculo
673 2159 896 2221 seminarunta
924 2158 1002 2222 lnde
1019 2158 1096 2222 haec
1113 2162 1294 2241 ignorantes
1311 2180 1406 2245 quam

240 2263 367 2348 plurimi
383 2262 539 2326 seculares
560 2260 702 2324 homines
724 2266 816 2343 atque
839 2263 975 2346 imperiti
997 2259 1269 2346 ²⁰temporalitatis
1284 2282 1405 2348 pagana

239 2365 418 2430 mendaciar
432 2367 536 2448 potius
553 2385 646 2447 quam
662 2362 807 2426 salutaris
823 2363 1019 2427 Christianae
1041 2363 1118 2447 legis
1139 2367 1270 2448 antiqua
1285 2369 1319 2428 et
1332 2386 1404 2431 vera

240 2490 353 2533 arcana
368 2467 547 2531 desiderant
562 2465 661 2530 colere
681 2465 805 2549 21atque
821 2468 910 2549 sequi
927 2469 1132 2532 tirmamenta.
1165 2465 1242 2531 ”Ex
1262 2470 1329 2533 suis
1346 2472 1404 2533 ita·

241 2591 299 2655 que
314 2569 523 2649 vanitatibus,
543 2568 575 2630 id
595 2575 644 2630 est
664 2587 703 2630 ox
724 2569 912 2633 Graecorum
930 2569 1188 2654 historiographis
1208 2575 1316 2656 petest
1337 2574 1404 2657 quis

241 2692 425 2755 cognoscere
446 2691 538 2753 quam
559 2672 599 2732 sit
618 2670 799 2755 temporalis
825 2692 906 2736 vana
927 2674 1081 2757 sapientia
1102 2674 1307 2757 Graecorum,
1328 2695 1404 2759 quae

242 2797 314 2841 cum
327 2773 479 2859 paulatim
496 2775 693 2855 cognoscitur
706 2771 758 2837 ²³a
772 2776 854 2856 suis,
874 2777 941 2839 sino
962 2774 1057 2841 dubio
1073 2779 1248 2861 spernitur,
1268 2777 1405 2844 aleator

242 2884 334 2962 atque
351 2877 489 2960 quotidie
505 2875 740 2940 condemnatur.

77 3017 128 3067 Q,
142 3015 224 3055 cxxx,
306 2980 386 3044 Sunt
401 2978 453 3042 alii
469 2979 616 3042 haeretici
629 2982 682 3062 qui
696 2979 733 3043 de
746 2979 967 3066 inaequalitate
980 2983 1119 3068 psalterii
1131 3003 1269 3049 errorem
1281 2987 1405 3071 patiun-

36 3086 98 3137 (Csp.
111 3083 223 3133 CXXt'lt.)

312 3183 351 3237 13.
363 3183 414 3253 ipsi
422 3202 467 3235 ona.
480 3183 503 3235 t.
540 3183 579 3234 14.
588 3190 666 3237 cantu
677 3191 815 3239 resonante
824 3185 858 3238 A.
867 3192 972 3241 cantore
984 3192 1094 3240 sonante
1101 3188 1201 3256 reliqui.
1239 3187 1277 3242 15.
1288 3191 1407 3260 praemit

241 3249 367 3305 tendor.
405 3251 443 3303 16.
456 3256 482 3304 et
493 3266 528 3304 ex
539 3252 642 3320 legeA.
679 3253 913 3322 ll.Davide(A)i›.
950 3254 989 3310 18.
1003 3255 1266 3309 estmanitestumat.
1304 3259 1407 3330 liipro·

260 3321 395 3374 erarentb.
448 3319 488 3371 20.
506 3322 683 3389 temporalitas
696 3323 719 3376 b.
772 3322 813 3380 21.
831 3338 860 3375 ae
873 3324 907 3377 A.
959 3323 1000 3378 22.
1016 3324 1136 3389 Remu.
1190 3324 1232 3378 23.
1249 3328 1407 3393 aeuis,sine

242 3338 321 3444 lubio
333 3388 464 3459 spernitur
475 3407 522 3442 one.
535 3389 568 3440 Α.

311 3456 373 3527 (lap.
391 3455 500 3510 CXXX.
518 3460 544 3506 io
568 3458 623 3510 otc.
645 3462 794 3529 inscriptam
815 3471 852 3512 eet
873 3460 1006 3515 Haaaasrs
1032 3478 1067 3514 na
1089 3477 1229 3516 rsanraarr
1253 3478 1408 3527 rannemi-

244 3544 366 3583 rara.-

277 3750 313 3789 m.
329 3734 448 3803 trinaque
464 3732 521 3785 vice
538 3731 675 3814 quotidie]¹
686 3734 765 3788 Mane
776 3742 802 3789 et
851 3739 963 3790 taverint
976 3739 1004 3790 in
1022 3743 1119 3807 quanta
1140 3738 1290 3808 ignorantia
1306 3740 1411 3812 linguae

243 3804 354 3874 vesperi,
366 3819 396 3856 ao
405 3800 802 3935 prpamaacnficmmrugeetie-
853 3805 1299 3929 gffipppllptppiicappmdievffiztii
1314 3808 1412 3931 tparint

243 3874 452 4061 relitpffophlstss
462 3946 488 3993 et
496 3939 639 4058 sapientes]
650 3938 753 3994 Laeli.
760 3940 802 3994 24.
853 3942 946 3994 tinnire
956 3942 982 3993 in
992 3914 1249 3998 eorum’csrminibns
1263 3893 1412 4018 qupmopgp

247 4009 536 4130 ”latitatis
547 4005 803 4143 illilus.
854 4010 1355 4146 'tt⁸stttiltittltsi⁸⁹l⁸¹⁸
1368 4032 1412 4086 ¹²⁸·

246 4116 327 4197 tacet
338 4147 389 4197 scri
408 4152 477 4199 tores
489 4093 568 4198 etirlm
578 4093 761 4215 antiquissimi),
773 4152 802 4198 ut
853 4094 872 4147 g
906 4186 912 4199 .
930 4147 1017 4219 seculo
1036 4120 1208 4217 seminarunt]
1231 4122 1277 4203 llic
1294 4167 1375 4223 supra
1391 4169 1412 4206 c.

245 4163 523 4290 Homerusfiesicdus,
531 4214 685 4276 Herodotus,
693 4214 768 4268 Mose
776 4219 802 4267 et
856 4163 912 4268 123.
936 4216 1013 4278 ,Cum
1029 4222 1125 4269 semioa
1137 4221 1310 4289 impletatiap
1348 4238 1414 4274 cece

246 4279 345 4359 llamde
356 4278 435 4360 longe
447 4289 509 4334 sunt
520 4283 633 4364 iuniores
639 4305 649 4364 :⁸
663 4289 693 4336 ut
704 4288 802 4363 arete-
853 4301 901 4334 aron
914 4285 963 4335 atri
974 4288 1024 4335 oia'
1035 4287 1076 4336 illi
1087 4288 1182 4355 poitce
1192 4291 1255 4339 eoae·
1265 4297 1292 4339 et
1301 4306 1323 4358 p
1341 4291 1414 4342 itaeo-

247 4348 320 4401 rrbus
336 4348 460 4401 ecelesrae
478 4350 626 4404 doctonbas
642 4368 670 4404 m
687 4368 742 4405 sura
759 4351 804 4404 ad·
855 4351 901 4422 pti
909 4355 1009 4405 deorum
1016 4355 1414 4426 deorumqaeoppetiationeelo·

248 4431 339 4469 versus
351 4420 444 4484 gentes
461 4419 589 4489 apclogiis
606 4420 744 4490 diligenter
760 4419 804 4474 ad·
856 4425 946 4472 ratarum
959 4423 1288 4479 aenar'buaaemioucen'ut.’‘
1322 4425 1383 4492 (F.)

248 4489 375 4537 notatam.
409 4483 468 4549 (F.)
889 4506 910 4544 r.
932 4491 1130 4561 temporalitatis
1146 4508 1252 4562 pagana
1268 4494 1415 4563 mendacia]

282 4569 308 4622 p.
330 4551 455 4606 imitando
472 4556 593 4622 eandem]
619 4557 676 4611 Hoc
694 4558 806 4612 fortnas
856 4557 980 4613 menna
987 4561 1094 4614 miniam
1113 4577 1146 4614 ne
1155 4562 1210 4614 anti
1227 4577 1270 4617 aa.
1283 4563 1330 4617 Sic
1337 4579 1384 4618 sae

248 4621 337 4676 minna
347 4619 470 4675 credibile
480 4623 611 4679 ridebitur
620 4625 725 4697 itaqu
734 4627 807 4697 cogi·
857 4628 1092 4700 noaoersnpram
1210 4578 1228 4683 l
1371 4580 1416 4696 Β
