3046 5124
1166 328 1228 396 393

68 480 135 539 haue
147 482 334 551 admittionem
350 483 443 536 acriter
457 487 559 552 urgent.
583 480 747 536 Guilhelmus
758 480 891 535 Durnntns
906 481 935 535 in
949 480 1068 535 redensi.
1078 481 1156 535 disin.
1170 481 1227 536 offi-

69 554 168 608 ciorum
180 554 224 607 Iih.
238 553 266 607 V.
279 553 324 607 tol.
337 551 378 605 70.
395 552 547 621 Sicutaqua
559 555 681 604 sinecion
694 555 842 604 consecrari
853 569 901 603 noo
913 559 1010 619 potest.-
1027 554 1065 603 er'c
1082 569 1127 603 uec
1144 555 1228 603 einum

69 627 123 674 riae
135 640 203 690 aquo
216 621 458 673 trarusuhetoutiori
467 622 543 672 calet.
563 620 639 671 Illam
651 623 736 687 itaque
745 637 795 688 per
807 619 956 670 oblivionem
962 623 1176 687 praetermittens,
1187 638 1227 672 ce·

69 692 174 743 sialiter
182 698 284 770 peceat,
294 707 343 758 per
355 690 532 756 negligentiam
545 690 701 750 mortaliter,
714 691 913 755 etestqroviter
959 689 1070 739 utendus.
1099 686 1227 741 liebertus

67 757 242 813 Bellermmus
255 758 286 809 de
298 762 460 809 sacramento
473 755 609 809 eucharist.
620 756 665 810 lib.
679 756 722 808 IV.
734 771 791 824 esp.
802 755 836 808 X.
865 755 914 807 Cat
931 757 999 807 otico
1012 757 1120 808 ecclesia
1131 775 1228 826 semper

69 829 180 880 credidit
190 831 228 878 ito
241 829 409 878 necessarium
423 844 475 876 esse
487 844 555 894 aqua
566 829 649 876 senum
661 829 763 876 mitem
778 828 805 875 io
818 826 912 886 eolice,
928 833 956 875 et
967 828 1053 892 possit
1067 826 1098 876 iel
1112 843 1160 876 trote
1175 829 1229 877 aine

67 900 147 964 provi
154 904 263 964 peccato
275 897 363 948 omitti.
383 893 456 945 Unde
469 909 572 962 quoque
584 899 670 963 patres
684 893 791 946 Concilii
803 892 946 946 Tridentini
958 909 1014 961 esp.
1026 891 1094 946 VIII.
1107 891 1169 946 Gan.
1181 892 1228 948 lit

69 980 160 1017 omnes
172 964 218 1032 qui
228 968 326 1031 negent
337 979 432 1042 aquam
449 962 610 1027 miscendam
627 962 687 1013 vino
699 962 726 1013 in
738 961 816 1014 calice
829 959 972 1026 offerendo,
988 959 1161 1028 anathematis
1173 961 1228 1030 gla-

69 1033 111 1085 dio
124 1033 251 1101 iugulant
279 1030 370 1084 Graeci
381 1030 448 1082 hunc
461 1047 561 1082 morem
572 1030 699 1082 miscendi
709 1047 762 1081 non
774 1029 952 1084 observarunt.
980 1027 1140 1098 Nicephorus
1153 1028 1229 1082 Calli-

69 1107 125 1153 stus
138 1101 279 1152 ecclesiast.
293 1099 382 1152 histor.
396 1099 439 1150 lib.
452 1099 546 1151 XVIII.
558 1115 614 1166 esp.
628 1098 692 1152 LIII.
710 1098 875 1150 Innocentius
886 1097 935 1151 PP.
949 1096 993 1150 III.
1010 1104 1117 1166 myster.
1133 1098 1229 1150 missae

68 1169 114 1222 Iib.
125 1168 169 1221 IV.
181 1184 236 1247 cap.
249 1167 362 1220 XXXII.
375 1168 419 1220 iol.
431 1166 489 1220 390.
510 1166 671 1219 Guilhclmus
682 1166 814 1218 Durentus
825 1167 964 1219 Minatens.
976 1167 1067 1218 eccles.
1080 1182 1093 1217 e
1112 1167 1192 1235 iscop.
1202 1166 1230 1219 in

69 1237 190 1290 rationali
201 1237 246 1288 hb.
260 1237 301 1288 IV.
314 1236 358 1289 iol.
371 1235 411 1287 70.
440 1235 530 1287 Petrus
542 1235 703 1287 Lombardus
715 1239 825 1287 sentent.
837 1233 880 1286 lib.
893 1234 936 1288 IV.
949 1233 1061 1286 distinct.
1072 1184 1120 1287 XI.
1143 1234 1229 1287 Bona·

68 1310 179 1358 uentura
191 1309 301 1356 sentent.
312 1304 357 1356 lib.
369 1302 412 1357 IV.
425 1303 537 1356 distinct.
550 1304 597 1357 XI.
609 1320 708 1355 numer.
720 1302 760 1354 36.
787 1302 924 1355 Duraudus
936 1303 967 1354 de
979 1302 1007 1356 S.
1018 1302 1139 1355 Pontiano
1151 1319 1229 1372 snper

70 1374 212 1427 sententias
224 1373 291 1424 Petri
303 1371 442 1424 Lombardi
453 1373 497 1424 Iib.
509 1370 552 1425 IV.
565 1371 676 1424 distinct.
688 1370 748 1423 XII.
760 1377 859 1440 quaest
872 1370 903 1425 V.
933 1371 1039 1422 Dicitur
1055 1374 1120 1439 quod
1133 1372 1230 1423 Graeci

70 1460 163 1512 aquam
175 1450 372 1561 oorrfppcrttunAt,
386 1450 503 1560 ettame3o
514 1459 572 1492 vere
585 1442 728 1507 conficiunt,
746 1440 912 1560 pefiffieffiim
928 1438 1010 1559 estple
1016 1440 1175 1560 pppegsimte
1181 1456 1228 1559 (isa-

69 1515 355 1631 iiiinii'asiiij‘ir
369 1514 841 1645 titt...Ptt.t¹ttrttt.;...
853 1513 1020 1644 ...tite
1033 1524 1230 1644 ..tillidi

70 1648 157 1699 calicis
171 1644 287 1698 Christus
300 1646 389 1697 vinum
401 1661 416 1696 a
435 1661 469 1696 ua
480 1645 593 1696 mixtum
605 1644 738 1714 discipulis
750 1644 889 1697 tradiderit.
910 1642 1064 1696 Paschasius
1077 1643 1109 1696 de
1120 1661 1228 1697 sacrem.

70 1714 239 1768 eucharistiae
252 1729 307 1783 cap.
320 1714 366 1764 XI.
385 1662 507 1765 Ralsanus
520 1714 626 1764 Maurus
639 1712 670 1764 de
683 1711 817 1766 eucharist.
831 1729 886 1781 cap.
899 1712 945 1764 XI.
963 1712 1052 1765 Potest
1063 1728 1125 1781 ergo
1138 1713 1164 1764 in
1173 1713 1229 1765 solo

69 1783 131 1836 vino
147 1782 196 1835 hoc
212 1789 402 1834 sacramentum
419 1783 466 1833 rite
484 1781 576 1833 confici
593 1787 697 1850 propter
714 1781 903 1833 institutionem
922 1779 1030 1843 Christi,
1069 1782 1096 1832 ui
1113 1781 1230 1834 omnium

88 1853 189 1920 rinceps
202 1852 228 1902 in
240 1851 372 1903 ninevitis
385 1849 432 1902 hoc
445 1855 635 1916 sacramentum
648 1849 793 1901 celebravit.
811 1849 995 1901 Beneuentura
1004 1797 1104 1903 uult.
1117 1855 1228 1902 sentent.

89 1921 94 1932 '
110 1921 183 1971 tinct.
195 1919 241 1971 XI.
254 1935 354 1972 numer.
366 1919 406 1969 58.
420 1920 539 1970 AIbertus
552 1919 664 1985 Magnus
677 1918 873 1970 Rstisbonensis
886 1918 975 1971 eccles.
993 1917 1103 1986 episcop.
1121 1917 1151 1969 de
1164 1934 1229 1970 sacr.

71 1987 240 2040 eucharistiae
254 1987 364 2038 distinct.
378 1987 420 2040 III.
439 1993 511 2039 tract.
524 1986 548 2040 ⁴2.
566 2003 586 2038 c.
603 1982 624 2039 l.
643 1985 756 2038 Thomas
771 1987 886 2054 Aquinas
899 1985 923 2039 3.
940 1991 1012 2054 parte
1027 2000 1120 2038 summ.
1149 1993 1228 2039 naest.

69 2056 189 2111 LXXIV.
204 2057 303 2107 articul.
314 2055 357 2107 VI.
375 2055 513 2107 Durandus
524 2061 633 2107 sentent.
647 2055 690 2107 Iib.
700 2055 741 2106 IV.
754 2054 866 2106 distinct.
876 2054 935 2106 XII.
949 2059 1048 2123 quaest
1058 2054 1088 2108 V.
1102 2054 1129 2107 Io
1165 2072 1229 2107 unes

72 2125 171 2178 Gerson
185 2125 215 2176 de
228 2140 335 2176 sacram.
348 2122 518 2176 eucharistiae
530 2129 595 2192 part.
608 2122 631 2174 ⁶2.
644 2123 687 2175 iol.
701 2123 740 2175 26.

122 2191 182 2273 (lap.
195 2192 313 2244 LXXVI.
326 2223 357 2231 —
371 2191 436 2244 Caro
449 2199 538 2244 nostra
550 2209 602 2263 non
615 2197 654 2242 est
665 2192 742 2255 mala,
755 2197 785 2243 ut
797 2191 888 2244 volunt
899 2190 1046 2255 Sethianus‚
1059 2189 1192 2260 Ophiauus
1205 2197 1231 2243 et

53 2322 54 2326 Ἰ
69 2260 241 2326 Patricianus]
260 2261 327 2312 Male
344 2259 385 2312 hio
403 2260 538 2312 confundit
551 2260 699 2312 Gennadius
712 2258 861 2324 Sethianos,
880 2258 1011 2329 Ophianos
1024 2265 1050 2312 et
1060 2259 1229 2323 Patricianos,

69 2346 133 2452 ffipa
144 2330 322 2398 unusquisque
335 2346 367 2380 ex
380 2330 431 2381 IIIis
444 2345 492 2380 sua
503 2330 608 2398 propria
620 2327 698 2380 habet
709 2328 840 2397 dogmata,
853 2334 879 2380 et
890 2346 988 2380 errores
1001 2329 1153 2396 singulares.
1184 2328 1230 2381 Se·

109 2400 152 2450 aui
164 2398 245 2449 filium
259 2398 351 2449 Adami
363 2399 407 2466 qui
418 2404 524 2449 vocatur
537 2396 598 2449 Seth
611 2395 748 2460 honorent,
767 2404 793 2448 et
805 2398 889 2465 ipsum
902 2395 1033 2449 Christum
1049 2414 1106 2449 esse
1124 2397 1230 2466 opinan-
1307 2450 1311 2463 ‚

71 2473 122 2520 tur.
142 2464 252 2535 Ophiani
265 2467 400 2518 colubrum
412 2467 529 2518 nutriunt
538 2473 564 2517 et
573 2473 733 2529 venerantur,
746 2465 814 2534 quod
824 2464 864 2517 hie
874 2466 943 2535 prior
952 2467 1054 2518 initium
1063 2467 1138 2518 nobis
1148 2467 1230 2518 scien·

69 2537 122 2589 tiae
134 2535 197 2587 honi
209 2542 234 2585 et
246 2536 307 2586 mali
320 2535 441 2586 attulerit.
459 2534 598 2586 Patriciaui
610 2542 635 2585 et
646 2535 800 2585 Venustiani
812 2552 828 2585 a
840 2535 935 2585 lumbis
948 2551 1029 2602 usque
1042 2534 1074 2585 ad
1086 2534 1163 2603 pedes
1176 2534 1230 2586 dia·

71 2605 161 2656 bolum
173 2602 265 2654 secisse
278 2620 320 2655 cor
340 2620 370 2654 us
382 2601 494 2655 hominis
506 2604 602 2655 dicunt.
627 2601 721 2670 Papias
733 2603 760 2654 in
773 2601 843 2655 Seth.
856 2601 1007 2655 Philastrius
1020 2601 1118 2654 haeres.
1133 2603 1155 2656 I.
1169 2608 1195 2654 et
1206 2602 1230 2655 3.

71 2671 200 2726 Honorius
213 2669 312 2725 haeres.
354 2671 426 2723 XXI.
450 2670 609 2751 Epiphanius
626 2669 723 2722 haeres.
736 2670 768 2721 37
782 2677 807 2723 et
819 2670 859 2722 32).
877 2670 1029 2723 Theodorei.
1042 2672 1122 2723 iabul.
1134 2669 1231 2724 haeret.

71 2740 148 2793 lib.I.
178 2739 289 2792 Isidorus
301 2740 399 2808 Iiispal.
418 2740 482 2808 orig.
495 2740 538 2792 hb.
551 2739 617 2791 VIII.
629 2755 686 2808 cap.
699 2740 730 2793 V.
760 2739 938 2791 Damascenus
956 2739 987 2791 de
1005 2738 1102 2791 haeres.
1115 2740 1159 2792 iol.
1172 2738 1230 2792 578.

71 2809 245 2862 Tertullianus
257 2809 451 2877 praescription.
470 2809 592 2860 adversus
610 2806 705 2862 haeret.
719 2824 740 2859 c.
754 2807 857 2862 XLVII.
874 2809 1036 2876 Augustinus
1048 2808 1147 2860 haeres.
1159 2807 1228 2862 LXI.

71 2878 196 2931 adversus
209 2877 298 2928 lulian.
310 2875 441 2945 Pelagian.
454 2877 497 2928 lib.
510 2877 540 2929 V.
555 2893 610 2945 cap.
623 2876 653 2928 V.

122 2945 267 3014 Florianus]
286 2945 391 3013 Papias:
406 2945 431 2995 F
430 2947 526 2996 lor-iani
537 2945 662 2996 haeretici
674 2965 690 2997 a
704 2945 827 2996 Floriano
839 2947 945 3014 prodam
956 2946 1027 3008 dicti,
1039 2949 1081 3012 qui
1090 2947 1179 2996 docent
1188 2946 1229 2998 clo-

71 3017 163 3066 minum
175 3031 275 3065 creasse
287 3015 365 3081 rocla,
379 3023 467 3064 contra
479 3016 508 3064 id
518 3016 584 3082 quod
593 3017 715 3082 scriptum
727 3022 770 3074 est,
783 3013 859 3064 Fecit
869 3015 982 3064 dontiuus
993 3017 1077 3064 onrm'a
1090 3014 1162 3065 bonu.

122 3083 234 3135 Arbitrio
247 3083 348 3133 animae
361 3082 471 3133 efficitur
482 3083 509 3133 in
522 3083 597 3134 nobis
610 3083 650 3133 vel
663 3082 731 3133 bona
743 3082 784 3132 vel
795 3082 876 3147 mala]
893 3081 1000 3135 Vidend.
1011 3082 1164 3134 Ambrosius
1176 3083 1229 3135 hde-

72 3150 229 3204 diolanensis
241 3151 354 3219 episcop.
366 3150 434 3202 Iib.I.
447 3150 599 3202 Hexaemer.
611 3151 703 3218 cap.V.
715 3148 923 3219 Theopbylactus
936 3151 962 3202 in
971 3149 1134 3203 Matthaeum
1146 3167 1167 3204 c.
1175 3151 1229 3204 VII.

71 3220 116 3274 tol.
129 3219 169 3272 29.
187 3218 201 3285 ἡ
215 3220 283 3287 φύσις
295 3217 373 3287 ἡμῶν,
388 3215 466 3288 ἀγαθή
479 3216 556 3281 ἔστιν,
574 3215 607 3278 ὡς
621 3218 675 3268 θεοῦ
689 3218 776 3287 δημιού
819 3249 824 3282 t
846 3237 861 3268 α
892 3217 954 3269 κατὰ
967 3217 993 3270 δὲ
1005 3218 1142 3290 προαίρεσιν
1155 3237 1230 3284 πονη-

26 3338 32 3361 ,
73 3288 198 3358 prudntia.
216 3288 378 3356 Augustinus
391 3288 418 3339 in
429 3285 517 3341 Iohan.
530 3293 603 3338 tract.
615 3286 694 3339 XLII.
707 3304 762 3355 cap.
775 3237 844 3340 VIII
860 3259 904 3339 lot.
918 3287 974 3341 214.
1006 3287 1079 3339 Bona
1098 3298 1135 3340 est
1151 3293 1230 3340 omisis

72 3366 175 3419 nouere,
186 3358 232 3407 sed
243 3360 335 3408 vitiata
348 3366 385 3408 est
395 3356 500 3407 lerninis
513 3365 607 3407 natura
614 3375 665 3424 per
676 3357 825 3407 troluntotem
838 3358 939 3410 malam.
960 3357 1033 3418 Quod
1037 3361 1105 3425 fecit
1113 3360 1173 3409 derce
1183 3376 1230 3409 uon

68 3435 215 3496 potestesse
227 3427 326 3486 roolrrm,
338 3429 362 3475 εἰ
373 3429 427 3493 ipse
439 3425 509 3476 horno
522 3443 568 3475 sion
580 3429 614 3474 sit
624 3425 674 3474 sihi
685 3426 774 3477 molus.

62 3552 66 3557 ,
122 3493 185 3563 Cap.
198 3493 327 3544 LXXVII.
340 3525 373 3532 —
397 3493 425 3544 In
441 3493 627 3545 resurrectione
644 3509 676 3544 ex
695 3493 803 3545 mortuis
821 3510 900 3546 sexus
916 3494 1001 3546 fornia
1013 3511 1064 3546 non
1076 3494 1229 3559 mutabitur]
1316 3555 1321 3562 .

72 3561 168 3615 Contra
180 3561 319 3630 Origeuem
332 3562 377 3630 qui
388 3563 480 3614 asserit
491 3563 519 3613 in
530 3562 616 3613 futuro
628 3562 716 3613 seculo
733 3561 843 3613 feminas
860 3563 1013 3630 redIgendas
1032 3563 1059 3613 in
1077 3562 1152 3613 uiros.
1170 3562 1230 3614 Ilie-

71 3647 172 3699 ronym.
185 3630 308 3682 adversus
320 3646 417 3682 errores
431 3629 551 3683 Iohannis
563 3630 679 3681 Ilierosol
700 3647 734 3681 m.
747 3631 820 3699 epist.
832 3630 899 3684 LXI.
912 3647 968 3699 cap.
978 3630 1022 3682 III.
1049 3629 1164 3681 Iulianus
1176 3631 1229 3699 epi-

72 3714 143 3768 scop.
156 3700 295 3751 Toletanus
306 3700 464 3766 prognostic.
478 3700 520 3751 lib.
533 3698 575 3750 III.
589 3715 643 3767 cup.
655 3647 752 3750 XXIV.
782 3699 899 3767 Plerique
916 3699 962 3749 hoc
979 3701 1045 3765 quod
1056 3701 1121 3750 dicit
1131 3709 1229 3766 aposto-

72 3769 125 3819 lus:
142 3769 219 3820 donec
235 3785 400 3819 occurramus
415 3772 439 3817 ei
453 3772 480 3818 iu
498 3772 578 3818 etnim
587 3771 740 3834 perfectum,
759 3777 804 3819 etc.
821 3786 903 3818 onustes
912 3770 1028 3834 sentinas
1044 3771 1071 3817 r'n
1088 3769 1159 3817 cirili
1169 3785 1228 3818 secu

71 3854 204 3903 reserpere
217 3838 333 3898 credunt,
348 3854 397 3903 pro
410 3854 436 3888 eo
448 3839 513 3904 quod
525 3840 564 3886 vir
576 3854 606 3887 en
620 3838 689 3898 limo,
708 3838 798 3886 molier
813 3854 871 3887 uero
890 3854 920 3885 es
937 3837 1017 3886 lutere
1033 3839 1085 3886 otri
1094 3839 1175 3901 sacta
1187 3840 1227 3888 sit.

72 3904 128 3958 Noe
139 3913 219 3956 autem
234 3908 410 3971 magistrorum
423 3904 604 3956 catholicorum
615 3908 744 3954 sententiis
756 3907 863 3965 eruditi,
882 3902 928 3954 doc
946 3905 1084 3965 credimus,
1103 3902 1149 3955 lroe
1163 3915 1228 3956 teue-

71 3991 138 4035 mus,
156 3975 222 4040 quod
237 3977 388 4040 omnipotens
405 3974 475 4034 deus,
494 3978 536 4040 qui
552 3983 682 4040 utrumque
697 3991 780 4023 serrem
799 3974 923 4032 condidit,
940 3975 1050 4023 instituit
1066 3990 1098 4023 uc
1116 3975 1228 4035 redemit,

71 4051 154 4094 utrum
171 4059 200 4092 ue
211 4045 238 4092 io
250 4044 432 4091 resurrectione
443 4046 563 4094 restituet.
592 4041 708 4093 Iustinus
720 4042 819 4119 Martyr
836 4041 862 4090 in
876 4045 974 4120 quaest.
987 4046 1013 4092 et
1024 4057 1064 4092 res
1083 4042 1183 4094 ousion.
1195 4042 1228 4093 ad

73 4060 230 4163 orthodoxos
243 4115 341 4178 quaest.
354 4109 409 4160 LX.
428 4109 465 4160 Au
506 4111 564 4162 stin.
578 4109 608 4162 de
621 4110 715 4162 civitat.
729 4109 769 4160 dei
781 4108 824 4161 hb.
836 4108 922 4161 XXII.
936 4125 992 4177 cap.
1005 4057 1085 4162 XVII.
1114 4109 1228 4162 Athana·

72 4180 164 4232 sinsin
195 4179 319 4230 uaestion.
332 4178 364 4229 ad
375 4178 467 4229 Antioc
488 4194 531 4230 um
544 4184 641 4247 quaest.
654 4177 750 4230 XXIV.
767 4176 951 4229 Bonaventnra
962 4181 1071 4230 sentent.
1082 4179 1127 4230 lib.
1137 4178 1178 4230 IV.
1191 4179 1228 4231 di·

71 4248 159 4301 stinct.
171 4195 261 4300 XLIV.
275 4247 374 4299 articul.
387 4245 410 4297 ⁶2.
429 4244 547 4299 Clemens
560 4248 690 4299 constitut.
702 4262 718 4297 a
737 4247 811 4299 estol.
824 4246 867 4300 lib.
880 4246 911 4300 V.
925 4262 980 4316 cap.
994 4246 1035 4299 VI.
1059 4246 1172 4299 Isidorus
1185 4248 1228 4299 III-

72 4317 198 4386 spalensis
210 4315 241 4367 de
254 4314 346 4367 officiis
358 4315 498 4368 ecclesiast.
512 4315 554 4366 lib.
567 4315 598 4367 II.
611 4331 666 4384 cap.
678 4315 716 4368 X.
732 4313 776 4367 III.
806 4315 887 4366 Autor
900 4314 930 4366 de
943 4315 992 4367 fide
1009 4314 1041 4367 ad
1052 4315 1156 4367 Petrum
1168 4314 1217 4368 Dia

73 4401 166 4438 conum
179 4400 235 4503 cap.
248 4383 291 4437 III.
319 4384 467 4451 Hieronym.
484 4384 510 4434 in
523 4383 634 4452 epitaph.
647 4383 741 4436 Paulae
753 4384 844 4435 metris
856 4383 888 4435 ad
900 4382 1020 4436 Eustoch.
1033 4385 1107 4453 epist.
1119 4345 1228 4438 xxvii

72 4454 116 4507 rol.
128 4452 169 4507 79.
188 4454 209 4504 A
228 4468 316 4504 versus
328 4451 490 4504 Iovinianum
502 4452 545 4504 lib.
559 4450 576 4504 I.
590 4469 645 4521 cap.
659 4450 732 4504 XXI.
745 4450 789 4505 iol.
806 4451 860 4504 156.
878 4451 1000 4504 Rebnntn
1014 4454 1119 4505 Maurus
1132 4452 1163 4504 de
1175 4470 1228 4506 ser-

73 4538 143 4575 mon.
160 4538 205 4591 pro
225 4522 279 4572 riet.
296 4521 340 4572 lib.
352 4519 395 4572 IV.
413 4536 468 4590 cap.
482 4520 514 4573 X.
550 4520 662 4573 Thomas
680 4519 796 4590 Aquinas
818 4520 845 4572 in
867 4521 990 4576 addition.
1009 4527 1075 4590 part.
1091 4520 1115 4574 3.
1133 4539 1227 4576 summ.

75 4589 206 4661 quaesth
320 4589 419 4643 articul
431 4588 455 4644 3.
