3046 5124
257 366 319 431 2⁷4
673 360 988 405 PCBUDO·TBRTUl›la1ffl
1116 390 1120 397 -

258 520 364 584 dinem
379 519 548 604 serpentis,
563 525 594 583 et
608 519 690 584 hanc
704 520 801 585 fuisse
816 520 965 585 virtutem
978 521 1013 583 in
1027 518 1188 604 paradiso,
1208 518 1243 583 id
1257 524 1308 583 est
1321 521 1411 584 istum

257 624 354 686 fuisse
370 629 546 708 serpentem
562 625 612 687 cui
625 623 690 687 Eva
705 625 792 707 quasi
806 622 869 687 filio
886 623 942 687 deo
959 621 1143 687 crediderat.
1174 621 1353 707 Decerpsit,
1365 623 1410 687 in·

258 728 377 808 quiunt,
393 725 431 789 de
446 726 548 790 fructu
563 725 698 807 arboris,
714 732 805 809 atquo
821 725 891 790 ideo
906 727 1012 808 generi
1025 725 1163 791 humano
1178 726 1346 790 scientiam
1359 725 1411 790 bo-

256 848 367 892 norum
382 827 579 892 etmalorum
595 828 773 892 contribuit.
811 828 968 892 Christum
987 834 1092 897 autem
1105 848 1171 893 non
1190 827 1414 894 insubstantia

257 933 358 995 carnis
374 931 484 1009 iuisse;
500 931 632 994 salutem
647 932 749 994 carnis
765 930 952 1015 sperandam
967 933 1093 996 omniuo
1107 952 1171 996 nou
1187 951 1268 996 esso.

128 1044 177 1095 cnr·
191 1042 238 1085 v11·
319 1033 384 1097 Nec
404 1052 467 1097 non
488 1036 583 1098 etiam
602 1037 705 1117 empit
722 1032 784 1096 alia
799 1053 921 1117 quoque
935 1033 1089 1116 haeresis,
1109 1054 1188 1118 quae
1208 1033 1327 1099 dicitur
1345 1032 1414 1099 Cai-

256 1157 413 1200 nasorum.
436 1137 475 1200 Et
488 1136 551 1221 ipsi
565 1136 649 1200 enim
663 1135 864 1218 magnificant
878 1136 970 1217 Cain,
986 1138 1075 1220 quasi
1090 1157 1129 1200 ex
1144 1135 1282 1220 quadam
1295 1138 1414 1223 potenti

256 1242 369 1303 virtute
386 1244 583 1324 conceptum,
598 1259 676 1322 quae
692 1244 819 1323 operata
834 1240 875 1301 sit
889 1238 922 1301 in
934 1241 1012 1323 ipso.
1034 1239 1116 1303 Nam
1125 1238 1206 1303 Abel
1219 1259 1258 1303 ox
1269 1239 1414 1304 inferiore

256 1344 369 1406 virtute
385 1348 568 1426 conceptum
583 1345 787 1425 procreatum,
795 1347 827 1404 et
837 1339 906 1405 ideo
918 1341 1096 1405 inferiorem
1107 1347 1278 1427 repertum.
1300 1342 1414 1426 Hi,qui

255 1444 313 1509 hoo
337 1444 499 1526 adserunt,
525 1446 618 1507 etiam
640 1444 750 1507 ludam
770 1442 961 1527 proditorem
982 1442 1169 1538 defendunt,
1196 1442 1415 1511 admirabilem

256 1546 345 1610 illum
360 1552 391 1610 et
405 1567 552 1630 magnum
567 1567 635 1610 csse
651 1551 858 1610 memorantes
873 1552 1000 1631 propter
1019 1546 1169 1610 utilitates
1185 1566 1265 1631 quas
1280 1546 1414 1611 humano

256 1651 361 1732 generi
377 1649 544 1713 contulisse
556 1649 699 1713 iactatur.
723 1647 854 1726 Quidam
866 1648 1125 1733 ¹etiamipsorum
1136 1651 1309 1733 gratiarum
1318 1652 1414 1715 actic-

256 1773 328 1817 nem
343 1751 437 1816 ludas
452 1757 579 1836 propter
592 1751 673 1815 hanc
689 1770 815 1815 causam
835 1749 1027 1815 reddendam
1045 1756 1167 1836 putant
1204 1752 1413 1818 Animadver-

256 1861 326 1918 tons
342 1856 440 1935 enim,
454 1856 615 1937 inquiunt,
629 1854 723 1918 ludas
738 1852 821 1936 quod
838 1852 979 1917 Christus
993 1852 1088 1919 vellet
1101 1855 1269 1920 1111111111
1284 1856 1435 1922 subscr-i

257 1963 332 2039 tere,
348 1957 476 2022 tradidit
490 1957 593 2040 illum,
614 1977 653 2021 ne
674 1956 812 2020 subverti
832 1958 947 2020 veritas
967 1962 1083 2041 posset.
1119 1956 1159 2021 Et
1172 1956 1291 2023 alii·sic
1306 1964 1416 2025 contra

257 2060 417 2145 disputant
432 2065 463 2124 et
478 2060 596 2124 dicunt.
635 2060 712 2136 Quia
731 2064 902 2144 potestates
922 2057 1032 2124 ²huius
1050 2058 1160 2124 mundi
1178 2060 1335 2127 nolebant
1351 2062 1416 2147 pati

257 2162 428 2245 Christum,
447 2183 487 2228 ne
505 2164 640 2227 humano
660 2164 767 2244 generi
786 2182 842 2246 per
865 2167 999 2226 mortem
1017 2163 1115 2246 ipsius
1135 2160 1220 2227 salus
1242 2172 1415 2249 pararetur,

256 2265 350 2330 saluti
365 2265 531 2330 consulens
546 2267 669 2348 generis
683 2264 811 2328 humani
825 2262 954 2328 tradidit
969 2264 1142 2346 Christum,
1163 2272 1199 2329 ut
1213 2266 1318 2350 salus,
1337 2286 1414 2352 quae

255 2367 482 2453 impediebatur
502 2388 558 2452 per
576 2367 707 2431 virtutes
723 2387 801 2451 quae
817 2366 1013 2432 obsistebant
1032 2388 1072 2431 111
1087 2372 1246 2452 pateretur
1261 2368 1414 2452 Christus,

219 2512 224 2527 ·
256 2470 400 2556 impediri
415 2471 540 2535 omnino
552 2490 616 2534 non
627 2476 743 2555 posset,
759 2475 790 2533 et
799 2469 869 2535 ideo
882 2489 937 2555 per
949 2473 1127 2555 passionem
1137 2470 1255 2536 Christi
1266 2491 1332 2539 uon
1342 2494 1412 2559 pos·

256 2579 305 2638 set
319 2573 402 2636 salus
417 2573 547 2637 humani
560 2574 682 2656 generis
696 2571 857 2637 retardari.

116 2685 167 2738 0⁸1>-
179 2685 238 2726 v111·
318 2676 381 2742 Sed
396 2682 428 2740 et
441 2676 496 2741 ilia
509 2675 648 2740 haeresis
663 2675 817 2760 prooessit
836 2695 914 2759 quae
930 2675 1044 2740 dicitur
1058 2675 1281 2741 Sethoitarum.
1313 2678 1412 2743 liuius

256 2782 467 2865 perversitatis
484 2778 625 2844 doctriua
639 2777 716 2842 haec
732 2783 793 2841 est:
812 2777 897 2843 Duos
912 2778 1054 2843 homines
1069 2778 1109 2843 ab
1124 2778 1244 2863 augelis
1260 2783 1412 2846 coustitu-

256 2890 315 2964 tos,
331 2883 407 2947 Cain
423 2889 455 2946 et
465 2881 559 2959 libel;
574 2887 701 2966 propter
715 2880 772 2944 hos
783 2901 912 2963 magnas
924 2882 1005 2945 inter
1016 2880 1142 2963 angelos
1154 2884 1374 2949 contentiones
1383 2890 1413 2949 ot

257 2986 426 3050 discordias
447 2987 602 3062 extitisse3
628 2982 667 3047 cb
686 2982 766 3047 hano
787 3002 913 3047 causam
933 2982 1019 3047 illam
1036 2986 1184 3050 virtutem
1204 2984 1301 3069 ¹quae
1321 3006 1413 3073 super

257 3109 363 3152 omnes
377 3089 508 3152 virtutes
523 3093 623 3167 esset,
643 3105 736 3169 quam
750 3085 880 3149 Matrem
896 3086 1114 3170 pronuntiant,
1129 3087 1205 3152 dnm
1217 3088 1301 3154 Abel
1315 3092 1412 3155 inter·

255 3191 372 3254 lectum
387 3190 541 3271 dicerent,
561 3188 695 3253 voluisse
717 3187 838 3273 concipi
859 3194 890 3252 et
910 3191 997 3252 nasci
1016 3187 1099 3254 hunc
1114 3187 1191 3253 Seth
1211 3189 1280 3256 loco
1294 3192 1412 3275 Abelis,

256 3300 291 3356 ut
305 3299 527 3357 evacuarentur
542 3290 644 3375 angeli
657 3290 703 3354 illi
719 3293 772 3374 qui
786 3290 864 3355 duos
879 3294 998 3375 priores
1012 3290 1082 3355 illos
1097 3291 1239 3357 homiues
1251 3294 1411 3361 condidis-

256 3403 341 3478 sent,
361 3396 435 3460 dum
455 3395 513 3460 hoo
534 3413 640 3459 semen
660 3393 812 3458 mundum
832 3396 929 3458 oritur
949 3399 980 3457 ct
999 3396 1147 3458 nascitur.
1182 3394 1412 3465 Permixtiouas

257 3502 340 3564 enim
356 3498 463 3562 dicunt
476 3498 655 3581 angelorum
675 3480 707 3560 11
720 3497 883 3561 hominum
896 3497 1018 3581 iniquas
1033 3497 1146 3578 luisse,
1166 3495 1207 3562 ob
1228 3519 1324 3583 quam
1340 3522 1412 3567 oau-

257 3624 324 3667 sam
338 3600 424 3666 illam
438 3604 597 3682 virtutem,
611 3621 715 3684 quam,
730 3602 812 3664 sicut
826 3598 977 3681 diximus,
992 3600 1196 3685 pronuntiant
1208 3600 1361 3687 Matrem,
1374 3604 1412 3670 ad

255 3705 426 3771 vindictam
441 3708 534 3768 etiam
549 3703 770 3786 cataclysmum
782 3701 940 3784 inducere,
954 3708 990 3766 ut
1000 3709 1032 3765 11
1042 3702 1120 3768 illud
1130 3705 1353 3789 permixtionis
1363 3728 1412 3774 ss·

256 3829 328 3873 men
342 3807 502 3873 tolleretur
522 3812 554 3870 11
571 3805 630 3871 hoc
650 3803 751 3869 solum
772 3825 895 3886 semen,
915 3805 997 3889 quod
1012 3812 1095 3870 esset
1109 3826 1238 3891 purum,
1255 3810 1413 3893 integrum

257 3911 472 3976 custodiretur.
495 3909 558 3973 Sed
573 3910 657 3972 enim
671 3907 751 3989 illos,
767 3909 819 3993 qui
833 3909 963 3973 seminis
978 3907 1048 3972 illos
1062 3908 1174 3993 prioris
1188 3912 1413 3997 instituissent,

257 4014 375 4079 occulte
391 4020 422 4077 11
436 4014 568 4077 latenter
583 4018 615 4074 et
628 4014 789 4093 ignorante
802 4011 857 4075 illa
867 4011 965 4076 Matre
976 4013 1091 4075 virtute
1103 4031 1175 4077 cum
1184 4010 1250 4079 illis
1261 4022 1333 4082 octo
1344 4018 1412 4083 aui·

255 4119 365 4183 mabus
378 4120 412 4180 in
432 4136 535 4180 arcam
554 4116 677 4179 misisse
701 4116 796 4179 etiam
815 4134 922 4179 semen
937 4114 1050 4198 Cham,
1069 4134 1130 4200 quo
1150 4136 1261 4181 semen
1271 4118 1411 4185 malitiae

256 4242 317 4287 uon
338 4221 469 4305 periret,
492 4218 548 4283 sed
570 4239 640 4282 cum
663 4220 774 4281 ceteris
797 4225 1014 4282 conservatum
1041 4223 1164 4304 etpost
1185 4219 1411 4307 cataclysmum

321 4372 384 4441 Gap.
396 4371 451 4425 Vll.
463 4400 496 4411 -
515 4371 537 4423 l.
549 4370 628 4423 etiam
639 4373 741 4440 reposui
747 4388 797 4439 pro
808 4369 885 4435 enim,
897 4374 963 4439 quod
974 4390 1056 4424 emeres
1066 4372 1129 4423 libri
1139 4380 1228 4425 1111111.
1255 4372 1412 4447 Saepissime

254 4442 303 4494 lias
313 4440 461 4511 particulas
477 4459 494 4490 a
509 4440 626 4491 librariis
643 4443 761 4509 confusas
777 4444 891 4559 reperire
908 4449 952 4492 eat.
981 4440 1020 4509 Cf.
1032 4445 1110 4494 eriam
1120 4440 1412 4515 Pseudo-Hieronymo

255 4511 339 4561 ladio.
352 4511 383 4560 de
393 4507 502 4562 Haeret.
515 4526 573 4578 cap.
585 4507 610 4561 8.
662 4506 685 4560 2.
698 4508 799 4560 Parati
828 4507 958 4560 orumhae
968 4509 1067 4562 muudi.

322 4576 385 4646 Cap.
398 4574 464 4628 Vlll.
476 4604 508 4614 -
528 4576 550 4631 l.
571 4575 767 4641 ,Tririrtutem'’
784 4578 900 4646 appellat
914 4576 1202 4647 Pseudo-Hieronymus
1212 4596 1272 4651 cop.
1284 4580 1312 4637 9.
1324 4582 1408 4635 dede

255 4645 332 4715 111111,
344 4662 413 4713 quem
425 4649 490 4713 eoas.
