3046 5124
1230 340 1292 408 395
1392 445 1399 467 ⁸

132 490 173 543 leis
188 494 253 559 ipsis
269 495 336 543 tanti
349 492 433 543 verbis
448 496 578 559 mapatri,
596 493 634 544 ibi
648 496 688 544 ait
703 494 797 546 dixisse
812 492 961 557 Abrabam,
978 496 1045 546 inter
1059 511 1104 547 ros
1119 503 1144 547 st
1158 513 1202 548 nos
1214 495 1293 548 moos

131 562 385 627 mapnurufirmctum
397 569 444 622 est,
456 565 521 612 sotis
531 572 559 613 ut
569 566 658 629 opinor
670 571 800 630 appareat
810 580 858 614 non
870 579 922 613 esse
933 565 1061 630 quandam
1071 572 1171 632 partem
1183 575 1208 617 et
1218 568 1293 634 quam

130 629 262 680 ruembrum
274 633 412 696 inferorum
424 637 511 681 tautae
523 631 591 680 illius
601 631 741 698 felicitatis
752 635 841 682 sinum
872 630 955 682 Cboos
972 636 1036 683 entim
1052 649 1168 698 maenum
1184 634 1295 702 quidest

132 700 182 747 nisi
192 698 295 762 quidam
307 697 400 759 biamus,
412 699 511 747 multum
524 715 555 748 ea
566 715 692 766 separans
702 702 768 749 inter
779 716 843 766 quae
855 717 903 750 uon
913 700 991 750 solum
1003 708 1052 762 est,
1064 717 1150 751 oerum
1161 703 1291 769 etiamfir·
1312 720 1315 736 ·

130 775 214 815 matus
227 768 279 815 est?
300 765 461 834 Quapropter
472 771 496 817 si
507 769 533 816 in
545 767 615 817 illum
626 770 707 817 sinum
718 766 844 818 Abrabae
857 766 983 818 Christum
994 772 1292 843 mortuum'oenissesan·

132 842 175 884 cta
186 837 318 901 scriptura
330 836 448 895 dixisset,
464 852 513 885 non
525 838 649 886 nominato
661 838 759 902 inferno
771 840 870 902 eiusque
883 836 1021 898 doloribus,
1037 840 1118 887 miror
1128 840 1152 887 si
1162 841 1292 906 quaquam

132 903 169 953 ad
179 904 274 968 inseres
285 920 339 953 eum
351 903 515 964 descendisse,
529 919 644 955 asserere
656 904 768 954 auderet.
790 903 843 956 Sed
853 909 914 973 quio
926 906 1054 956 cadentia
1067 908 1206 958 testimonio
1219 915 1244 957 et
1253 910 1292 957 in·

125 973 229 1036 seruum
242 981 432 1021 cornmemorant
448 972 593 1032 etdolores,
611 973 682 1022 nulla
697 989 777 1023 causa
794 976 917 1036 occurrit,
936 990 982 1024 cur
997 974 1041 1024 illo
1058 974 1180 1024 credatur
1196 978 1292 1027 uenisse

130 1039 257 1099 sulcator,
271 1041 322 1089 nisi
332 1049 360 1090 ut
371 1039 403 1089 ab
416 1044 469 1089 eius
482 1040 609 1090 doloribus
618 1041 819 1107 saluossacsret.
847 1039 899 1092 Sed
909 1049 992 1092 utrum
1003 1059 1085 1093 omnes
1096 1060 1156 1110 quos
1167 1045 1194 1093 in
1206 1047 1242 1094 eis
1253 1047 1291 1095 in·

131 1109 206 1168 uenit,
220 1125 254 1157 an
266 1109 384 1174 quosdam
397 1125 456 1174 quos
467 1108 511 1158 illo
523 1108 639 1175 beneficio
652 1110 741 1174 diqnos
752 1110 890 1170 iudicarit,
910 1108 995 1160 adbuc
1010 1113 1119 1179 requiro.
1148 1109 1241 1162 Fuisse
1253 1120 1291 1163 ta·

130 1193 186 1225 men
198 1192 251 1224 eum
264 1176 334 1243 opud
345 1179 451 1242 inferos,
464 1183 488 1224 et
498 1180 525 1225 iu
537 1194 620 1226 eorum
633 1177 759 1227 doloribus
771 1181 910 1228 consuletis
921 1176 968 1229 boc
980 1178 1122 1246 beneficium
1130 1184 1292 1247 praestitisse

131 1260 180 1293 non
191 1243 283 1295 dubito.
305 1243 375 1294 Unde
386 1245 438 1294 illis
450 1247 529 1306 iustis,
541 1248 584 1312 qui
594 1249 621 1294 in
633 1248 688 1295 mnu
698 1245 823 1295 Abrabae
832 1256 912 1308 erant,
925 1263 979 1295 cum
989 1247 1033 1297 ille
1043 1249 1182 1314 ininferna
1191 1249 1292 1300 descen-

131 1313 209 1373 deret,
221 1313 328 1361 norrdum
340 1314 400 1379 quid
412 1314 555 1362 coretulrsset
565 1316 657 1373 insterni,
670 1333 686 1363 a
699 1314 786 1380 quibus
803 1331 856 1362 eum
872 1316 1006 1364 secundum
1019 1315 1160 1382 beatificam
1170 1334 1292 1384 praesen·

131 1381 193 1430 dam
204 1396 266 1430 suae
278 1382 421 1430 diuinitatis
432 1398 481 1429 nun
516 1399 556 1430 arn
568 1383 640 1432 uideo
651 1386 791 1432 recessisse.
808 1381 841 1432 Et
852 1381 883 1432 de
895 1381 990 1433 Genesi
1001 1382 1034 1433 sd
1043 1381 1167 1435 LItteram
1176 1390 1238 1436 tom.
1248 1384 1290 1436 III.

129 1446 175 1499 iol.
183 1446 242 1498 498.
254 1447 297 1498 lib.
307 1446 366 1499 XII.
378 1463 433 1516 cap.
443 1448 466 1499 Ι
498 1448 568 1502 ΧΙΙΙ.
588 1449 658 1499 Illud
669 1467 706 1500 me
718 1450 824 1500 nondum
832 1453 955 1501 inseruisse
965 1454 1088 1518 confiteor,
1100 1455 1195 1519 inseres
1204 1455 1291 1521 appel-

131 1517 203 1578 latos,
215 1515 259 1565 ubi
269 1520 387 1566 iustorum
401 1520 502 1567 onirnae
514 1520 678 1584 requiescunt.
708 1517 744 1568 Et
761 1517 857 1568 &bristi
872 1521 969 1586 quidem
986 1523 1098 1570 animam
1114 1537 1189 1588 usque
1206 1523 1243 1573 ad
1259 1540 1290 1572 ea

131 1585 188 1634 loca
200 1589 302 1646 uenisse,
315 1588 342 1634 in
354 1585 441 1650 quibus
449 1596 599 1652 peccatores
611 1588 767 1647 cruciantur,
780 1596 807 1636 ut
818 1603 859 1637 eos
869 1588 976 1638 solueret
986 1606 1004 1638 a
1016 1592 1154 1650 tormentis,
1184 1607 1227 1641 etos
1239 1607 1290 1640 esse

130 1652 260 1703 solvendos
275 1654 375 1703 occulta
392 1671 439 1703 sua
457 1654 527 1703 nobis
543 1656 641 1704 iustitia
658 1655 800 1714 iudicabat,
817 1658 998 1706 necimmerito
1012 1658 1132 1711 creditur.
1164 1607 1290 1717 &uomodo

130 1723 194 1770 enim
207 1721 284 1770 aliter
297 1722 472 1788 accipiendum
484 1725 524 1782 sit,
536 1724 602 1789 quod
614 1723 707 1772 dictum
720 1733 768 1773 est:
785 1739 854 1789 quem
872 1725 931 1774 deus
943 1727 1076 1774 suscitavit
1086 1743 1117 1777 es
1128 1730 1232 1777 mortuiis
1243 1735 1289 1777 etc.

130 1805 178 1837 non
190 1790 262 1839 uideo
275 1792 325 1839 nisi
336 1799 363 1839 ut
374 1791 528 1856 quorundam
542 1791 639 1840 dolores
651 1792 723 1857 opud
732 1793 827 1857 irsferos
839 1808 893 1841 eum
904 1793 1006 1842 soluisse
1020 1797 1190 1861 accipiamus,
1204 1812 1236 1845 ea
1242 1812 1289 1862 po·

130 1864 219 1907 testate
231 1874 280 1923 quo
290 1859 404 1907 dominus
415 1866 458 1918 est,
471 1861 513 1907 cui
524 1875 593 1907 omne
602 1876 667 1923 penu
673 1859 799 1924 flectimur,
813 1860 972 1920 caelestium,
982 1865 1148 1924 terrestrium,
1162 1873 1186 1914 et
1196 1866 1288 1929 insera-

129 1942 196 1985 rum,
205 1942 255 1991 per
266 1944 339 1992 quam
369 1935 495 1976 otestatem
507 1930 582 1977 etiarn
594 1926 646 1976 illis
658 1927 784 1977 doloribus
795 1944 855 1995 quos
865 1929 950 1989 soluit,
963 1945 1011 1979 eron
1018 1933 1103 1995 potuit
1119 1934 1205 1984 teneri.
1235 1929 1288 1982 Ne·

130 2010 176 2061 que
187 1997 250 2042 enim
264 1945 399 2044 Aerollzm
410 1995 450 2044 uel
461 1996 504 2044 ille
511 2013 615 2062 pauper
625 1997 652 2045 in
663 1998 719 2045 sinu
732 1999 792 2055 eius,
805 1994 852 2045 boc
865 2007 911 2057 est,
924 2001 951 2046 in
962 2007 1056 2048 secreto
1074 2001 1163 2064 quietis
1179 2001 1245 2060 eius,
1261 2003 1288 2050 in

130 2061 257 2111 doloribus
269 2072 335 2122 erat,
353 2066 420 2112 inter
436 2081 537 2130 quorum
554 2066 662 2131 requiem
681 2073 704 2113 et
721 2064 776 2114 alia
793 2067 889 2130 inferni
905 2073 1038 2126 tormenta,
1056 2067 1160 2132 lepimus
1172 2085 1288 2134 mapuum

130 2128 208 2181 cbaos
213 2131 352 2197 firrnatunn,
364 2132 409 2182 sed
420 2148 464 2181 uec
474 2133 545 2198 apud
555 2135 649 2198 inferos
658 2149 709 2182 esse
720 2134 783 2182 dicti
793 2142 857 2184 suut.
878 2132 987 2200 Contipit
995 2137 1067 2195 enim,
1079 2137 1167 2203 inquit,
1179 2139 1243 2186 mori
1250 2139 1288 2186 iu·

130 2216 199 2264 opem
210 2198 280 2247 illum
293 2208 317 2248 et
327 2202 419 2266 offer-ri
431 2199 462 2248 ab
475 2201 573 2265 anpelis
584 2203 611 2249 in
622 2203 702 2249 sinum
714 2198 851 2261 Abrabae,¹
868 2210 978 2252 morteeus
990 2210 1028 2252 est
1037 2212 1119 2253 autem
1132 2205 1248 2264 cidisse,
1265 2213 1290 2254 et

128 2266 240 2334 sepultus
251 2275 294 2328 est,
308 2276 332 2316 et
343 2285 396 2316 cuns
410 2269 481 2335 apud
491 2271 586 2335 inferos
598 2276 662 2319 esset
671 2271 698 2318 in
709 2272 843 2329 tormentis,
857 2280 902 2320 etc.
927 2269 1044 2321 Videmus
1055 2274 1139 2339 itaque
1150 2274 1288 2338 inferorum

129 2338 273 2387 mentionem
285 2353 332 2384 uon
345 2340 505 2402 essesactam
524 2340 549 2385 iu
561 2340 646 2404 requie
654 2340 790 2404 pauperis,
808 2338 853 2388 sed
869 2343 896 2389 in
912 2339 1037 2406 supplicio
1055 2341 1149 2391 diuitis.
1178 2340 1289 2391 Proinde

128 2412 157 2454 ut
168 2403 230 2464 diei,
242 2405 347 2453 noudum
362 2407 453 2464 inueni,
466 2414 490 2454 et
501 2404 585 2455 adbuc
597 2423 699 2472 quaero,
713 2422 757 2455 nec
769 2404 832 2456 mibi
842 2410 962 2468 occurrit,
974 2410 1069 2473 inferos
1081 2408 1214 2459 alicusbiiu
1228 2409 1289 2460 bono

124 2475 239 2539 posuisse
251 2475 405 2538 scripturam
418 2474 544 2523 duntaxat
555 2477 712 2524 santonicam.
742 2473 802 2524 Non
815 2483 896 2524 autern
908 2478 935 2525 in
947 2476 1008 2525 bono
1021 2478 1197 2543 accipiendum
1208 2480 1289 2527 anum

129 2538 266 2602 Abrabae,
285 2548 309 2589 et
319 2541 390 2590 illam
401 2544 521 2607 repetem,
539 2560 585 2609 quo
602 2542 634 2592 ab
647 2543 745 2607 anpelis
753 2546 813 2610 pius
822 2560 923 2611 pauper
935 2544 1036 2594 ablatus
1048 2555 1095 2607 est,
1112 2548 1194 2596 nescio
1206 2555 1289 2598 utrum

129 2611 257 2676 quisquam
265 2611 348 2675 possit
359 2611 462 2670 audere,
475 2617 499 2659 et
510 2611 566 2659 ideo
578 2612 695 2676 quomodo
707 2628 760 2660 eum
773 2613 843 2678 opud
853 2615 949 2679 inferos
961 2614 1094 2662 credamus
1106 2630 1171 2675 esse,
1189 2632 1237 2664 non
1251 2617 1288 2664 ui·

129 2677 182 2728 eleo.
200 2676 329 2727 Hactenus
341 2677 503 2744 Augustinus
520 2677 616 2729 erudite
633 2679 738 2798 Ἑιίἀθηι
755 2685 781 2730 et
792 2695 859 2732 vere.
888 2678 953 2731 Illud
965 2686 1052 2731 autem
1064 2688 1154 2732 notatu
1171 2681 1287 2750 dignum,

128 2743 197 2812 quod
209 2744 276 2795 idem
288 2745 327 2795 vir
338 2752 443 2796 sanctus
454 2745 481 2796 in
493 2747 623 2814 psalmum
657 2747 768 2799 XXXV.
780 2753 842 2800 tom.
855 2747 921 2799 VIII.
933 2749 978 2800 iol.
991 2747 1048 2801 652.
1061 2748 1111 2800 dno
1123 2749 1225 2801 inferna
1236 2756 1288 2801 sta·

127 2813 184 2876 tuit,
197 2816 304 2880 inferius
315 2822 340 2863 et
349 2819 478 2882 superius:
491 2834 592 2883 quorum
605 2819 632 2865 in
640 2834 688 2866 uno
699 2819 845 2882 quieuerunt
855 2821 956 2867 aninrae
965 2821 1099 2878 iustorum,-
1109 2821 1136 2869 in
1145 2820 1226 2870 altero
1238 2828 1288 2870 tor-

127 2892 231 2949 quentur
248 2885 348 2932 oniruoe
366 2886 504 2950 impiorum.
535 2882 586 2934 Sed
603 2882 666 2934 haec
682 2884 821 2953 protulisse
832 2883 932 2935 videtur
943 2902 996 2937 uon
1011 2884 1163 2938 affirmando
1177 2887 1221 2938 sed
1234 2888 1288 2956 opi·

127 2949 222 3001 nando.
240 2949 327 3017 Inquit
338 2950 414 3013 enim,
420 2955 524 3018 fratres
535 2955 587 3003 siue
599 2954 664 3003 illud
673 2957 727 3003 sire
737 2954 807 3003 istud
817 2957 857 3015 sit,
875 2952 918 3004 bic
929 2972 967 3004 me
978 2961 1145 3006 scrutatorem
1157 2955 1228 3006 uerbi
1239 2958 1287 3017 dei,

128 3036 175 3070 non
187 3023 347 3069 temerarium
360 3021 541 3085 affirmatorem
554 3025 665 3074 teneatis.
693 3020 766 3073 Certe
779 3018 904 3089 Origenes
916 3021 970 3088 περὶ
981 3020 1066 3090 ἀρχῶν
1077 3023 1121 3076 lib.
1135 3023 1176 3075 lv.
1189 3040 1243 3093 cap.
1256 3023 1287 3076 II.

128 3093 154 3138 et
165 3087 316 3138 Ambrosius
329 3087 356 3138 in
368 3103 424 3155 cap.
437 3088 468 3140 V.
484 3088 585 3156 epistol.
599 3088 671 3141 Pauli
689 3089 720 3140 ad
738 3088 848 3140 Roman.
864 3096 923 3141 ante
938 3090 1113 3159 Augustinum
1129 3090 1178 3144 hoe
1191 3093 1286 3160 dogma

126 3162 316 3225 proposuerunt
327 3156 353 3206 in
366 3156 419 3208 suis
432 3156 555 3225 scriptis*¹
566 3164 650 3277 repgpt

652 3158 659 3208 i
679 3174 711 3209 ue
723 3158 767 3225 qui
776 3158 880 3209 illorum
893 3159 1040 3227 opinionem
1052 3161 1198 3229 probarent.
1221 3162 1286 3228 [Hos

126 3223 222 3276 refutat
234 3224 405 3292 Hieronymus
422 3225 449 3275 iu
461 3224 554 3277 Psalm.
567 3224 586 3276 L
643 3174 699 3277 Xsb.
711 3226 755 3278 fol.
770 3224 825 3277 108.
855 3226 984 3295 Eripuati
994 3231 1106 3279 animam
1118 3247 1237 3282 sueones
1248 3235 1287 3281 in-

120 3296 198 3361 ferno
210 3296 339 3359 inferiori,
352 3302 398 3344 stc.
418 3293 477 3344 Non
489 3296 554 3362 quod
566 3295 613 3345 duo
622 3298 725 3361 inferum
736 3298 797 3356 sint,
813 3295 911 3363 inquil,
923 3297 969 3348 sed
983 3300 1030 3348 iste
1044 3299 1197 3365 superiorem
1208 3303 1287 3366 inser-

126 3379 184 3412 num
192 3370 327 3428 peccatum
338 3363 411 3423 elisit,
423 3365 568 3428 inferiorem
579 3379 638 3413 sero
650 3368 693 3431 qui
701 3373 739 3415 est
748 3381 822 3413 uerus
830 3368 954 3432 infernus,
963 3369 990 3415 in
999 3385 1045 3433 quo
1054 3375 1204 3434 peccatores
1216 3369 1286 3418 dum·

126 3438 228 3482 uantur.
248 3428 356 3480 Laudat
366 3449 425 3495 erpo
437 3431 466 3481 ob
479 3430 525 3481 boc
537 3432 738 3482 misericordiam
751 3433 851 3494 domini,
864 3435 930 3500 queod
940 3437 976 3483 sit
986 3444 1071 3484 erutus
1083 3454 1099 3484 a
1112 3437 1236 3503 supplicio
1247 3440 1286 3487 in·

120 3501 230 3565 serioris
240 3498 355 3566 inferni]
374 3497 540 3550 Scholasticis
553 3497 601 3550 hoe
613 3505 790 3552 commentum
802 3501 876 3552 valde
907 3502 991 3553 lacuit.
1020 3502 1078 3554 Nou
1090 3503 1158 3554 enim
1171 3504 1286 3555 conteuti

126 3566 185 3628 illis,
197 3582 263 3635 quae
275 3566 372 3634 priores
385 3567 415 3618 de
426 3567 527 3618 inferno
540 3567 636 3636 duplici
647 3566 795 3630 delirarunt,
808 3570 858 3621 alis
903 3568 952 3621 huc
962 3570 1012 3622 duo
1023 3570 1125 3621 inferna
1137 3571 1285 3641 exsculpse-

126 3641 198 3697 runt,
213 3640 290 3703 atque
307 3634 343 3685 ita
359 3634 499 3687 effecerunt
512 3636 644 3687 infernum
679 3636 862 3706 uadruplicem.
881 3637 900 3688 1.
917 3642 1041 3757 supernum
1054 3641 1236 3692 donrnotorum.
1254 3639 1284 3692 11.

126 3704 225 3754 liutbum
235 3721 378 3770 puerorum.
390 3701 434 3755 III.
443 3709 628 3771 purpatoriuns.
641 3653 683 3758 Ill.
698 3706 797 3757 limbum
805 3717 917 3774 patrum.
959 3712 1118 3758 sustentura
1129 3706 1285 3761 Albnnsnsis

126 3772 238 3840 episcop.
251 3772 294 3822 lib.
306 3770 349 3822 lV.
362 3770 474 3825 distinct.
488 3773 566 3825 XLV.
579 3789 650 3824 num.
665 3773 703 3824 12.
716 3780 742 3825 et
754 3774 791 3826 15.
809 3774 947 3825 Durandus
958 3774 989 3825 de
1001 3774 1028 3825 S.
1040 3774 1161 3827 Pontiano
1174 3781 1283 3829 sentent.

125 3840 169 3892 lib.
182 3838 225 3892 III.
238 3839 335 3893 distint.
347 3839 432 3891 XXII.
445 3848 543 3908 quaest.
556 3840 597 3894 IV.
615 3842 748 3893 Sciendum
761 3845 873 3910 estquod
888 3844 1046 3910 quadruplex
1063 3853 1100 3895 est
1109 3847 1231 3911 infernus,
1247 3862 1284 3896 se·

126 3911 232 3960 candum
244 3909 402 3976 qesodruples
409 3926 549 3976 poenarum
560 3929 645 3977 penus.
683 3909 838 3970 Quibusdam
856 3917 919 3960 enim
937 3913 1015 3962 datur
1029 3929 1112 3979 poena
1130 3914 1224 3975 damini,
1237 3913 1283 3964 boc

126 3987 169 4038 est,
183 3985 308 4045 perpetua
322 3980 440 4028 concretio
457 3981 561 4029 visionis
577 3982 687 4042 dininas,
705 3987 860 4047 etperpetuo
875 3996 958 4046 poena
970 3997 1062 4041 sensim,
1074 3983 1175 4032 ratione
1180 3986 1286 4050 peccati

126 4048 244 4106 aemulis,
258 4047 379 4106 mortalis,
392 4049 418 4096 iu
430 4063 476 4113 quo
489 4047 654 4099 decesserunt.
677 4047 714 4098 Et
723 4051 745 4097 ii
756 4050 875 4098 dicuntur
886 4064 938 4098 esse
949 4051 976 4097 in
987 4052 1086 4114 inferno
1099 4051 1282 4104 damnatorum.

124 4114 195 4164 Aliis
207 4115 309 4165 debetur
318 4124 442 4182 perpetua
456 4131 540 4181 poena
553 4117 640 4166 damni
652 4117 742 4182 absque
755 4134 838 4183 poena
850 4132 943 4177 sensus,
960 4118 1059 4167 scilicet
1070 4119 1245 4170 decedentibus
1256 4123 1283 4170 in

124 4183 176 4234 solo
184 4192 292 4250 peccato
304 4184 433 4250 ompn'nale',
446 4186 488 4249 qui
500 4184 618 4234 dicuntur
635 4202 686 4236 esse
698 4189 725 4235 in
740 4184 814 4234 limbo
823 4201 967 4252 puerorum.
999 4187 1067 4236 Aliis
1085 4187 1186 4236 debetur
1197 4205 1283 4255 poena

123 4268 209 4303 sensus
221 4260 245 4302 et
256 4253 349 4313 durani,
363 4269 409 4302 non
421 4253 518 4319 quidem
526 4263 659 4321 perpetua,
671 4255 717 4305 sed
727 4262 773 4304 tem
793 4253 881 4314 arulis,
893 4254 946 4303 illis
954 4254 1059 4317 sciboet,
1071 4258 1115 4321 qui
1126 4257 1285 4307 decesserunt

123 4323 152 4371 in
166 4324 269 4386 qratia,
288 4321 410 4371 debitores
423 4322 532 4370 alieuius
565 4338 654 4383 oenus,
673 4339 700 4372 eo
712 4271 792 4389 quenl)

120 4389 196 4458 plene
208 4391 239 4440 de
251 4390 333 4457 culpis
344 4391 487 4440 commissis.
522 4338 563 4438 Ell
568 4392 613 4440 isti
624 4391 741 4441 dicuntur
753 4406 805 4440 esse
817 4391 843 4439 in
851 4394 1012 4458 puryotorio.
1048 4391 1118 4442 Aliis
1134 4410 1192 4444 uero
1204 4394 1282 4444 solum

125 4559 194 4652 Μ’)
209 4559 400 4653 ἳτῖςιίῗθὼεηιιο
413 4561 436 4600 iu
449 4561 493 4601 lob.
508 4560 544 4602 lib.
554 4559 584 4600 12.
598 4571 643 4613 cap.
653 4562 670 4601 9.
684 4561 743 4602 Beda
756 4561 779 4602 lu
789 4561 864 4612 psalm.
873 4562 904 4602 85.
918 4561 1021 4607 Bernatd.
1036 4573 1099 4604 serm
1108 4561 1126 4606 l.
1140 4564 1166 4606 ds
1179 4570 1280 4617 assumpt.

180 4623 204 4652 se
228 4623 240 4653 e
306 4642 312 4654 .

793 4324 961 4388 inpraesenti
978 4325 1031 4373 uita
1044 4341 1092 4373 uon
1104 4327 1284 4391 satisfecerunt
1370 4348 1373 4352 ¹
1455 4332 1459 4337 '
