3046 5124
223 381 287 426 vm
700 356 897 406 rnaavnvvo.

223 515 288 560 sem
309 497 343 557 iu
358 494 510 557 Latinam
533 493 674 575 linquam
697 493 956 555 mammatae<
998 493 1035 555 In
1047 509 1108 572 quo
1125 490 1205 555 libro
1222 490 1308 572 typis
1327 510 1380 554 cx-

224 605 475 684 scribendoque
500 602 664 682 diligentia
686 620 811 683 quaque
835 601 899 667 fide
922 603 986 667 sint
1003 603 1123 668 versati
1144 602 1283 667 editores
1307 619 1380 666 cum

223 735 287 782 non
303 714 405 796 lugiet
422 713 475 794 qui
492 714 644 794 scriptum
665 732 735 777 cum
759 714 844 777 edito
870 713 1107 794 comparaverit.
1150 713 1235 776 Raro
1255 730 1381 777 errave·
1463 689 1469 700 ⁸

223 830 300 891 runt
315 826 349 889 iu
366 822 600 888 characteribus
617 824 733 887 veteris
748 842 861 888 manus
879 822 1135 904 interpretandis
1157 822 1258 886 multa
1275 827 1382 886 sustu·

223 936 330 1002 lerunt
346 934 411 999 stili
429 933 520 1013 vitia,
542 934 601 997 sed
618 933 706 997 nulla
722 935 783 998 nisi
801 932 961 1013 confessa,
984 938 1017 997 et
1035 932 1075 996 ab
1097 933 1181 997 omni
1200 933 1382 998 temeritate

137 1063 140 1070 ’
225 1045 402 1128 corrigendi
417 1043 623 1123 mutandiquc
638 1043 841 1107 laudabiliter
857 1043 1085 1107 abstinuerunt.
1122 1043 1303 1107 Editionem
1318 1044 1381 1106 Ba-

160 1154 163 1158 ’
225 1157 393 1222 sileensem
418 1171 501 1217 anno
520 1151 708 1217 MDCXXII.
732 1154 855 1234 excepit
871 1152 1062 1217 Parisiensis
1085 1152 1230 1233 Dionysii
1250 1152 1381 1230 Petavii,

189 1280 191 1284 “
225 1267 279 1350 qui
297 1285 368 1330 cum
382 1262 487 1328 verbis
502 1262 674 1343 Epiphanii
694 1264 744 1327 hic
760 1263 823 1327 illic
836 1268 921 1327 recte
942 1263 1118 1327 emendatis
1136 1268 1191 1327 aut
1208 1262 1382 1344 explicatio,

213 1383 291 1465 :tum
317 1395 355 1440 eo
383 1380 434 1438 est
460 1374 499 1437 de
524 1372 677 1453 scriptore
701 1374 761 1437 hoc
787 1373 951 1437 intellectu
973 1391 1070 1453 saepe
1096 1373 1278 1438 difficillimo
1300 1371 1381 1436 bene

223 1464 355 1552 memtus
373 1484 458 1566 quod
475 1484 578 1547 denuo
601 1501 638 1546 ac
659 1501 762 1564 paene
786 1485 826 1548 de
848 1484 973 1564 integro
995 1484 1093 1549 libros
1114 1484 1182 1547 eius
1206 1483 1239 1546 in
1263 1499 1382 1548 sermo-

224 1615 298 1663 nem
312 1595 462 1661 Latiaum
482 1593 739 1673 interpretandos
761 1594 1151 1674 animadversionibusque
1166 1594 1256 1658 varia
1278 1588 1383 1661 enut-

224 1707 312 1773 tioue
326 1705 430 1787 plenis
444 1705 652 1769 illustrandos
668 1704 817 1784 suscepit
862 1704 925 1768 Sed
951 1704 991 1768 de
1013 1705 1074 1768 hoc
1094 1704 1200 1785 possis
1224 1702 1303 1771 iuro
1340 1778 1344 1783 ,
1445 1766 1449 1771 ,
1487 1744 1490 1749 -

224 1816 328 1899 queri,
350 1815 435 1897 quod
453 1816 486 1879 in
507 1816 668 1880 enotanda
680 1815 832 1879 librorum
847 1819 922 1878 vett.
942 1814 1055 1895 quibus
1076 1815 1226 1878 utebatur
1248 1814 1310 1881 sari
1355 1892 1358 1897 ¹
1408 1842 1421 1863 -·
1479 1878 1489 1905 ·.

223 1944 331 1992 rarum
347 1926 562 2007 discrepantia
579 1925 671 1989 nimis
687 1943 782 2005 parce
801 1943 975 2006 parumque
995 1931 1145 1990 accurate.
1157 1928 1305 1993 versatus
1322 1929 1383 1993 est.
1457 1938 1461 1951 '

225 2035 351 2102 Codicis
378 2037 461 2100 enim
488 2035 568 2116 regii
599 2035 748 2114 Parisini,
783 2053 876 2116 quem
906 2036 977 2116 ipse
1002 2036 1199 2116 inspexerat,
1230 2054 1382 2117 perquam

223 2163 296 2212 raro
311 2145 350 2210 ab
371 2164 408 2210 eo
426 2144 513 2210 facta
526 2151 576 2210 est
593 2146 725 2224 mentio,
746 2145 954 2226 Vaticauique
971 2145 1043 2210 libri
1063 2146 1282 2226 diversitates,
1303 2165 1383 2228 quas

224 2256 266 2322 ab
281 2257 411 2322 Andrea
426 2256 556 2322 Schotto
575 2262 741 2337 excerptas
760 2263 940 2337 acceperat,
962 2257 1078 2338 partim
1096 2256 1305 2336 interpolatas
1329 2264 1385 2322 uut

223 2367 386 2432 mutilatas
408 2367 543 2448 recepit,
573 2369 690 2449 partim
715 2368 841 2431 omniuo
862 2367 1010 2448 neglexit.
1058 2367 1109 2430 lta
1134 2365 1252 2430 factum
1277 2373 1385 2431 estut

222 2479 405 2561 posteritati
429 2495 554 2558 quoque
581 2477 672 2559 larga
698 2457 792 2543 curae
818 2483 913 2558 atque
936 2478 1098 2542 sollertiae
1123 2478 1257 2542 materia
1278 2478 1310 2540 in
1333 2478 1382 2542 his

223 2588 351 2668 scriptis
369 2587 576 2651 emendandis
594 2592 690 2667 atque
709 2588 914 2668 expediendis
932 2589 1094 2652 manserit.
1129 2588 1281 2669 Legimus
1298 2588 1384 2667 apud

222 2695 402 2763 Fabricium
425 2696 575 2760 Biblioth.
603 2697 656 2762 Gr.
684 2697 744 2761 vol.
764 2698 851 2763 VIII.
877 2717 949 2778 pag.
965 2699 1036 2761 263.
1059 2698 1146 2762 Harl.
1173 2703 1305 2778 paratos
1327 2698 1383 2761 ha-

221 2806 331 2874 buisse
346 2809 379 2872 in
397 2805 611 2888 Epiphanium
629 2808 886 2887 commentarios,
906 2826 1083 2889 novamque
1102 2809 1292 2890 scriptorum
1314 2808 1382 2872 eius

137 2996 140 3003 Ι
221 2919 395 2984 editionem
420 2922 601 2982 curaturum
625 2916 725 2981 fuisse
758 2917 792 2981 P.
816 2918 1013 2997 Lanselium,
1042 2918 1181 2984 fortasse
1206 2919 1302 2983 etiam
1323 2919 1382 2982 Ed.

84 3016 94 3033 ‘
220 3027 434 3108 Bernardum,
464 3026 518 3107 qui
545 3028 804 3093 commentarium
834 3047 926 3093 suum
955 3030 988 3092 in
1015 3029 1189 3111 Epiphanii
1212 3029 1382 3093 Panarium

224 3144 448 3202 commemoret
472 3137 505 3200 in
529 3138 613 3202 notis
640 3139 683 3202 ad
705 3139 876 3220 losephum
900 3158 972 3221 pag.
988 3140 1074 3220 323,
1104 3139 1257 3220 cuiusque
1279 3158 1383 3203 exem-

221 3246 294 3329 plar
316 3247 391 3311 edit.
413 3249 493 3329 Opp.
515 3249 687 3329 Epiphanii
711 3267 808 3314 manu
831 3249 934 3331 ipsius
962 3256 1107 3315 notatum
1134 3257 1167 3316 et
1190 3251 1382 3331 castigatum

221 3355 317 3422 hodie
340 3363 523 3422 asservatur
551 3359 637 3439 apud
658 3359 855 3425 Oxonienses
881 3363 922 3442 (v.
945 3361 1044 3425 Catal.
1069 3361 1167 3426 Codd.
1191 3360 1327 3444 Angliae
1350 3365 1383 3424 et

221 3463 295 3532 Hib.
311 3467 351 3530 II.
374 3485 446 3547 pag.
463 3468 533 3532 227.
557 3487 623 3533 mo.
640 3471 739 3551 7421,
761 3471 840 3554 ib),
870 3478 903 3536 et
928 3472 990 3536 Iao.
1009 3471 1167 3552 Coletum,
1192 3472 1381 3539 instructum

222 3593 284 3658 ope
307 3576 424 3641 codicis
445 3596 503 3642 ms
519 3578 674 3643 Marciani
691 3579 827 3661 CXXV.,
858 3582 912 3661 qui
933 3581 993 3646 fuit
1015 3583 1088 3647 olim
1111 3584 1282 3648 cardinalis
1303 3585 1382 3648 Bes·

222 3687 373 3768 sationis,
404 3688 499 3753 etiam
522 3707 595 3754 esse
622 3710 737 3756 novam
759 3692 923 3773 scriptoris
947 3711 1078 3773 operum
1100 3693 1271 3758 editionem
1293 3695 1382 3759 moli-

220 3801 288 3864 tum
309 3799 452 3881 prodidit
472 3799 627 3864 Villoisou
643 3802 784 3866 Anecdd.
805 3803 858 3867 Gr.
874 3803 931 3882 IL,
953 3821 1025 3884 pag.
1043 3804 1113 3868 245.
1159 3805 1222 3870 Sed
1245 3810 1281 3870 ut
1298 3808 1381 3871 Lau-

221 3908 292 3974 solii
313 3910 533 3975 commentarii
551 3910 752 3990 interierunt,
774 3912 821 3977 ita
834 3913 875 3978 de
892 3913 993 3978 Coleti
1010 3915 1136 3979 schedis
1159 3915 1272 3997 reliqui
1293 3917 1382 3998 quid-

220 4035 315 4099 quam
335 4020 524 4103 investigari
550 4021 646 4085 hodie
673 4040 737 4085 non
758 4023 876 4103 potuit,
905 4031 938 4089 et
958 4024 1116 4089 Bernardi
1144 4026 1249 4090 saltim
1278 4045 1381 4092 exem-

219 4126 309 4209 plum
328 4128 408 4194 illud
425 4134 510 4213 quod
533 4151 632 4212 supra
648 4133 835 4211 memoravi,
857 4135 1004 4216 quodque
1021 4135 1188 4200 Harlesius
1210 4137 1242 4201 in
1257 4137 1381 4203 addita·

220 4237 337 4303 mentis
354 4240 396 4303 ad
409 4242 547 4307 Fabricii
561 4243 642 4308 Bibl.
659 4243 712 4307 Gr.
731 4242 791 4306 vol.
806 4243 906 4325 VIH.,
928 4264 1001 4327 pag.
1019 4246 1090 4310 261,
1112 4252 1263 4328 tanquam
1286 4249 1381 4313 colla·

218 4351 287 4413 tum
309 4366 380 4413 cum
402 4351 491 4416 codd.
508 4372 583 4418 mss.
599 4354 692 4420 nobis
714 4355 903 4435 venditavit,
925 4355 1003 4419 nihil
1019 4356 1145 4422 omnino
1161 4358 1302 4423 continet
1319 4359 1381 4425 uisi

220 4458 459 4525 emendationes
482 4462 603 4544 aliquot
623 4485 705 4548 quae
727 4470 794 4531 tam
816 4465 921 4548 exigui
944 4469 1094 4532 momenti
1118 4473 1193 4532 sunt
1213 4472 1251 4530 ut
1272 4468 1380 4532 melio·

218 4584 287 4635 rem
306 4575 432 4654 purtem
453 4589 570 4657 operae
591 4575 771 4665 Epiphanio
793 4576 999 4642 aBernardo
1020 4578 1210 4659 praestitae,
1236 4577 1264 4642 si
1285 4596 1380 4660 quam
