3046 5124
261 336 323 401 378

262 488 396 541 catholicis
407 488 567 557 rebaptizari
570 508 579 539 .·
595 506 625 539 ae
642 492 764 556 consessio
782 500 807 541 et
816 493 944 543 invocatio
956 494 1022 543 tanti
1033 494 1140 544 nominis
1149 492 1274 543 videatur
1285 490 1420 543 uuaslimi

261 558 342 609 Autor
354 555 447 608 deiide
460 556 492 608 ad
503 556 607 609 Petrum
619 555 764 609 Diaconum
775 556 883 626 caplll.
899 557 959 610 Siee
969 562 996 609 in
1009 557 1214 628 catholiccfides
1225 562 1280 611 sice
1289 562 1317 611 ia
1325 558 1422 611 haered

261 643 406 694 quacunque
417 627 457 675 cei
468 630 494 677 in
505 624 640 677 schismate
651 630 780 693 quiequam
792 630 819 676 in
831 630 927 678 nomine
935 632 1025 695 putria
1036 637 1061 679 ct
1064 629 1119 695 filii
1130 638 1178 679 ets
1203 632 1275 680 'ritus
1284 630 1371 679 suncti
1380 627 1420 677 do·

259 698 346 773 ptismi
357 703 542 745 sacramentnm
555 698 691 760 occeperit,
703 698 827 758 inceptum
838 704 1024 747 sacromentum
1034 700 1143 775 aceepit.
1183 696 1264 749 travit
1273 696 1362 765 Igitur,
1373 695 1421 747 imo

261 762 384 814 insanivit
393 762 553 830 Agrippinas
565 760 736 829 (Nicephorus
749 759 871 814 Callistus
883 762 972 814 eccles.
980 761 1071 817 histor.
1080 764 1124 815 hh.
1135 762 1178 818 VI.
1190 779 1214 815 c.
1223 762 1281 816 vll.
1292 780 1422 833 perperam

260 829 336 883 huius
351 830 443 881 erroris
457 830 570 897 primum
591 837 708 881 autorem
724 830 786 881 iecit
798 830 969 910 Cyprianum)
987 829 1199 899 Carthaginensis
1211 832 1366 951 episcopus,
1381 832 1422 889 oui

260 898 358 968 primus
371 898 488 950 omnium
500 897 658 962 mortalium,
674 904 763 949 contra
779 898 895 951 divinum
907 914 1034 951 canonem
1046 908 1072 951 et
1083 900 1240 953 uniuersalis
1252 916 1298 953 ecc
1309 902 1376 953 esiae
1386 916 1422 953 re·

260 968 356 1035 gulam,
374 966 585 1035 rebaptizandum
597 982 654 1017 esse
666 967 773 1018 censuit
809 966 948 1029 Quaeeius
978 969 1136 1037 raesumptio
1152 967 1308 1021 noneolum
1319 966 1421 1021 haereti·

260 1036 297 1086 cis
310 1035 429 1087 omnibus
441 1034 552 1086 formam
564 1035 701 1103 sacrilegii,
714 1034 849 1087 sedetiam
862 984 1016 1115 quibusdam
1029 1035 1162 1088 catholicis
1174 1036 1344 1090 occasionem

261 1103 317 1155 buit
328 1103 429 1155 erroris.
463 1102 529 1154 Xam
542 1109 657 1171 tompore
670 1101 783 1155 Cornelii
793 1102 842 1155 PI'.
854 1120 939 1155 visum
953 1110 993 1155 est
1001 1102 1135 1173 Cypriane
1144 1120 1205 1157 cum
1216 1104 1301 1157 ferme
1314 1052 1422 1159 LXXX

260 1170 661 1291 titill.⁸ll..ilttlt⁰t
675 1171 1422 1307 titillet?'‘ill‘’llzlotttttttttif

260 1326 307 1359 nno
319 1308 457 1375 baptisari.
486 1307 637 1359 Vincentius
654 1257 796 1359 Xirinensis
815 1259 1014 1360 contiaI'raeres.
1026 1324 1057 1359 ca
1075 1348 1081 1361 .
1093 1308 1142 1362 IX.
1159 1308 1327 1377 Augustinus
1339 1308 1371 1362 da
1382 1310 1422 1361 ba·

259 1376 354 1445 ptisruo
367 1382 458 1427 contra
464 1374 614 1426 Donatistae
626 1374 695 1428 lilii.
705 1392 726 1426 c.
734 1374 826 1427 XVIII.
834 1376 877 1427 lib.
884 1375 908 1427 3.
914 1375 1001 1430 c.XlI.
1013 1376 1046 1428 ed
1057 1326 1421 1447 XineentiuruepistXLl'III.

260 1452 351 1497 contra
360 1442 480 1496 Crescon.
492 1442 634 1497 Gramuret.
647 1444 692 1497 liu.
708 1444 729 1495 l.
742 1460 764 1495 c.
777 1443 890 1495 XXXII.
903 1444 947 1496 lib.
960 1443 983 1495 2.
996 1460 1017 1497 c.
1029 1444 1179 1499 XXXVIII.
1191 1446 1236 1497 lib.
1255 1444 1282 1499 3.
1294 1462 1317 1499 c.
1330 1444 1350 1497 I.
1367 1444 1422 1499 Ilie-

259 1529 359 1581 ronym.
374 1511 497 1563 adversus
509 1512 663 1564 Luciferian.
676 1528 698 1564 c.
706 1510 730 1563 8.
749 1511 768 1564 C
780 1529 786 1543 ¹
796 1513 894 1564 ›rianus
906 1512 938 1563 ad
951 1511 1077 1574 Quintum
1089 1512 1164 1582 epist.
1170 1510 1269 1569 LXXI.
1281 1512 1315 1565 ad
1326 1512 1422 1567 lubaia·

259 1598 324 1633 num
336 1580 410 1649 epist.
422 1580 463 1633 73.
477 1580 509 1631 ad
522 1581 647 1647 Magnum
660 1580 733 1649 epist.
745 1529 876 1634 LXXVII.
911 1580 962 1633 Sed
975 1580 1044 1649 quod
1055 1582 1121 1633 tenti
1132 1582 1219 1634 meriti
1231 1588 1259 1633 et
1270 1587 1360 1634 tantae
1376 1583 1421 1635 rir-

260 1650 323 1702 tutis
336 1649 480 1717 episcopus,
499 1646 530 1700 de
543 1649 671 1716 baptismo
685 1648 757 1699 aliter
769 1649 887 1711 senserit,
900 1664 979 1717 quam
991 1655 1046 1700 erat
1054 1648 1180 1718 inquisita
1194 1648 1349 1719 diligentius
1361 1650 1421 1703 reri-

260 1724 301 1769 tes
315 1716 462 1779 firmatura,
480 1716 593 1768 caritatis
605 1717 723 1768 ubertate
734 1723 944 1813 compensatum,
962 1724 989 1769 et
1002 1718 1132 1785 passionis
1142 1717 1211 1770 falce
1222 1724 1366 1799 purgatum
1378 1728 1421 1781 ast,

260 1792 290 1837 ut
301 1785 337 1837 ait
348 1785 488 1851 Augustiu.
501 1785 558 1836 loco
570 1790 730 1853 praenotato,
742 1791 769 1836 et
779 1784 791 1836 1
801 1790 847 1836 etr.
860 1783 998 1838 Lombard.
1011 1790 1122 1839 sentent.
1134 1784 1178 1838 lib.
1190 1786 1216 1837 4.
1228 1785 1345 1839 distinct.
1357 1784 1382 1841 6.

312 1852 503 1905 Goufinueutur
521 1869 616 1905 merrus
638 1853 804 1921 impositione
840 1852 968 1905 Eusebius
983 1851 1032 1906 PP.
1047 1852 1068 1907 Ι.
1092 1853 1194 1923 epistol.
1209 1852 1230 1907 I.
1251 1854 1375 1907 decretali
1391 1854 1421 1907 ad

262 1920 362 1974 Galliae
379 1921 491 1990 episcop.
508 1926 570 1972 tom.
583 1920 602 1973 Ι.
632 1920 729 1975 Concil.
746 1920 791 1975 fol.
839 1922 862 1973 9.
900 1922 975 1981 Quod
989 1923 1155 1989 scyrrrfiecstis
1204 1924 1233 1975 id
1249 1924 1282 1975 de
1299 1926 1422 1975 concessis

260 1990 465 2057 haeretic-istiert
477 1990 611 2052 debuisset,
624 1994 712 2040 scitote
725 2008 768 2039 tros
779 2006 827 2052 eoa,
840 1992 884 2058 qui
893 1992 920 2040 in
932 1988 958 2041 S.
971 1993 1096 2041 trinitatis
1099 1991 1155 2059 fide
1166 1940 1296 2059 ddptieati
1304 2000 1369 2053 sunt,
1409 2010 1422 2041 r

259 2061 687 2178 impositionepndnpopuplspcscipcre.
725 2057 781 2111 l'id.
798 2056 889 2109 IustIn.
906 2058 1014 2127 Martyr.
1031 2058 1059 2109 in
1075 2058 1221 2127 quaestion.
1236 2058 1273 2112 ad
1290 2010 1421 2131 orthoXipd.

327 2127 359 2177 at'
398 2166 403 2177 .
434 2128 458 2177 ⁸.
480 2144 513 2178 0.
576 2167 583 2180 .

260 2143 339 2247 quadi
352 2143 531 2255 10elirulisunt,
544 2193 717 2263 respondeant
733 2210 780 2263 pro
797 2194 848 2246 illis
866 2194 912 2263 qui
931 2210 976 2247 eos
994 2192 1116 2261 offerunt]
1142 2195 1285 2265 Angustia.
1297 2194 1329 2249 de
1340 2196 1420 2249 verbis

259 2212 499 2384 seiles
516 2261 587 2382 il·
605 2263 643 2382 ⁶⁹.
658 2262 1277 2387 ¹2⁹⁰02‘⁰³¹²elnl³³elei¹⁸⁸¹⁰¹¹⁹ces
1292 2264 1411 2385 Prt...

270 2348 369 2385 1..c.
501 2347 533 2382 .a
586 2347 813 2383 euraclumers.
916 2370 922 2383 .
1012 2348 1020 2383 1
1058 2348 1166 2385 emere
1265 2372 1273 2385 .
1411 2362 1420 2373 ·

260 2401 308 2453 dus
327 2400 419 2452 Strabo
437 2399 563 2451 derebus
581 2400 722 2451 ecclesiast.
740 2348 863 2452 dxxv.
896 2399 1019 2452 Iiabanus
1036 2348 1143 2452 hieurdd
1160 2400 1193 2453 de
1208 2400 1293 2454 instit.
1311 2401 1419 2455 clericor.

260 2469 303 2521 lib.
316 2468 335 2520 I.
348 2484 369 2520 c.
381 2466 479 2521 XXVI.
514 2466 606 2519 Petrus
622 2466 782 2519 Lombardus
796 2474 906 2519 sentent.
918 2468 962 2520 lib.
974 2468 1017 2520 IV.
1029 2467 1142 2521 distinct.
1152 2466 1195 2521 Vl.
1230 2470 1325 2521 Cuncti
1334 2472 1372 2523 od
1381 2470 1420 2523 hu·

255 2542 375 2607 ptismum
388 2540 511 2588 rescientes
515 2538 594 2604 fidem
603 2554 674 2587 suam
682 2538 801 2604 profiteri
812 2536 911 2597 deberit,
924 2546 948 2588 et
959 2554 1082 2605 exposcere
1094 2538 1155 2605 quid
1161 2540 1302 2605 petendum
1314 2542 1422 2593 venerint

261 2608 297 2657 od
308 2606 449 2658 ecclesiam.
470 2603 544 2665 Quod
557 2608 582 2655 ei
599 2605 701 2656 anicitus
713 2614 756 2665 est,
765 2622 816 2672 pro
827 2622 854 2655 se
865 2606 1006 2671 respondet,
1018 2622 1046 2657 se
1058 2606 1162 2657 credere
1178 2610 1333 2725 infatua,
1343 2608 1421 2676 filisa

260 2685 284 2727 ct
294 2678 409 2743 spiritum
421 2682 545 2727 sanctum.
561 2672 593 2724 Si
604 2682 685 2725 cotem
694 2673 819 2741 parentes
830 2682 874 2734 est,
886 2690 934 2724 nori
945 2674 1034 2725 colens
1044 2675 1149 2726 credere
1160 2674 1202 2725 rel
1220 2678 1289 2743 oqui,
1301 2676 1369 2728 eiius
1375 2694 1421 2746 pru

260 2742 597 2879 wrheidddgeiihpositiono]
629 2808 780 2862 Tertulliau.
797 2808 828 2861 de
840 2808 971 2879 baptismo
990 2826 1012 2863 c.
1023 2808 1091 2863 vssl.
1124 2808 1253 2865 Rabauua
1269 2812 1378 2865 Maurus
1393 2812 1421 2865 de

258 2880 369 2933 institut.
381 2879 532 2931 clericorum
544 2879 589 2931 lib.
600 2878 619 2930 l.
632 2894 655 2931 c.
668 2878 758 2929 XXX.

311 2946 453 3000 Chrismate
466 2947 630 3013 communiti]
647 2945 790 3015 Cyprianus
803 2944 1001 3015 Ganhaginens.
1014 2946 1128 3017 episcop.
1140 2944 1227 3001 LXX.
1248 2948 1319 3017 Usipi
1328 2966 1422 3003 neccsse

260 3026 297 3068 est
308 3033 361 3067 eum
379 3020 422 3083 qui
433 3017 577 3084 baptisatus
588 3020 634 3077 sit,
652 3023 679 3065 ut
696 3024 801 3081 accepto
817 3014 955 3067 elrtanare
972 3032 1025 3067 esse
1041 3024 1131 3067 unctus
1148 3018 1204 3079 dci,
1218 3018 1352 3071 ethnices
1363 3022 1422 3069 israe

261 3084 362 3135 Cirtae·
395 3088 491 3136 ratium
525 3088 593 3136 ossis.
629 3084 777 3136 Tertullian.
798 3083 829 3135 de
850 3083 979 3152 baptismo
1002 3100 1024 3137 c.
1042 3082 1098 3137 vu.
1132 3082 1239 3155 origen.
1255 3084 1284 3139 iu
1300 3084 1422 3139 Ezechid.

260 3169 281 3205 c.
293 3152 363 3205 XVI.
376 3103 465 3205 Ionril.
478 3102 524 3204 VI
556 3152 605 3205 Cor
626 3168 655 3204 us
673 3150 770 3206 Canon.
787 3150 900 3206 dutinct.
912 3150 955 3205 lv.
973 3151 1005 3206 de
1021 3158 1163 3207 consecrat
1197 3152 1379 3209 Damascenus
1393 3153 1422 3207 da

259 3220 311 3273 fide
324 3219 458 3273 orthodox.
471 3220 516 3273 lib.
526 3220 551 3274 4.
564 3237 586 3272 c.
627 3259 633 3272 .

309 3286 487 3341 Eucharistiae
503 3289 634 3355 mysteriis
654 3288 835 3355 admittantur]
859 3288 1043 3342 Ecclesiastico
1057 3290 1127 3343 enim
1142 3291 1307 3345 cousuetudo
1322 3308 1377 3347 uon
1387 3308 1422 3345 rc·

259 3358 329 3410 natis
341 3373 375 3408 ex
387 3372 455 3425 aqua
467 3362 492 3407 et
503 3358 595 3425 spiritu
607 3373 660 3408 uon
673 3356 752 3409 tradit
762 3374 792 3409 co
826 3374 857 3409 us
869 3356 972 3409 Christi.
993 3356 1065 3411 Beda
1075 3360 1103 3411 in
1114 3358 1215 3412 Lucam
1225 3360 1273 3413 lib.
1282 3360 1326 3415 lv.
1337 3376 1360 3415 c.
1368 3360 1422 3415 XV.

259 3425 805 3562 inessentiale.narie..
818 3424 1367 3551 eren.l·.‚¹.·.÷.·.²..2nnr0

260 3534 353 3616 eset
360 3562 491 3631 reseas.
503 3562 548 3614 ne.
559 3561 580 3615 1.
593 3578 614 3614 c.
626 3562 684 3615 xv.
720 3560 832 3630 Cyrinus
848 3512 974 3616 loen.
991 3562 1119 3617 inroitu.
1134 3536 1330 3621 inexusti.
1363 3536 1423 3619 ω’

261 3631 372 3683 hiienses
384 3651 400 3683 u
413 3635 582 3682 sacramentis
594 3630 792 3693 sermionem,
805 3636 919 3700 qrrururis
931 3637 1062 3685 ceritatem
1072 3638 1126 3685 ium
1138 3638 1311 3702 coortoccrint,
1322 3636 1422 3705 ctfidca

260 3718 355 3767 moqno
366 3718 427 3752 soce
439 3702 618 3767 confiteantur:
630 3703 692 3767 quio
704 3701 811 3751 trondem
822 3700 971 3769 locupletati
980 3704 1075 3769 spiritu
1086 3712 1175 3755 sancto
1185 3712 1258 3767 susc,
1270 3706 1317 3773 qai
1326 3702 1424 3757 habitat

261 3773 286 3819 iu
299 3772 340 3832 iis,
353 3774 396 3837 qui
407 3769 558 3837 baptismate
569 3771 740 3820 consummati.
773 3767 843 3820 Unde
854 3788 928 3837 quum
939 3768 1089 3838 baptismata
1099 3788 1158 3821 rece
1212 3776 1257 3835 ht,
1314 3776 1339 3825 'a
1348 3776 1423 3855 apici·

261 3848 301 3889 tua
311 3847 415 3889 carretae
426 3836 545 3888 hahitare
557 3839 584 3887 ia
597 3837 649 3888 iiiia
661 3838 782 3898 creditur,
795 3856 813 3887 α
825 3845 896 3889 tectu
907 3847 932 3890 et
942 3842 1110 3891 cornmunicne
1120 3856 1152 3891 eo
1164 3844 1249 3893 utaris
1301 3850 1361 3893 netu
1371 3858 1423 3893 cur·

256 3909 331 3975 poris
343 3924 391 3958 nou
398 3904 573 3974 prohihentur.
603 3906 708 3956 ideireo
725 3912 749 3956 et
760 3906 938 3957 accedentibus
954 3907 991 3958 od
1001 3906 1197 3961 benedictionem
1208 3912 1344 3975 sasamon
1355 3912 1422 3961 nai·

259 3976 309 4026 stri
320 3976 432 4039 mysterii
438 3991 532 4040 moeno
541 3991 600 4025 eece
610 3975 731 4035 clareant,
742 3983 836 4026 carecta
844 3978 956 4027 societis:
967 3976 1028 4025 solis
1036 3976 1321 4047 sonchfioctieapisita,
1332 3986 1423 4031 tuctu

261 4053 285 4093 et
303 4044 530 4161 sonctipcotioacai
546 4047 661 4109 corporis
678 4040 775 4093 Christi
796 4058 934 4109 corrqruere
955 4046 1135 4111 sipiificuntes.
1169 4042 1227 4097 ltuo
1243 4050 1347 4099 ueteres
1360 4044 1424 4097 tanti

260 4110 376 4162 iecerunt
405 4126 434 4162 oc
446 4116 637 4162 sacramentum
651 4118 679 4162 ut
694 4126 727 4161 ne
740 4110 773 4161 ad
789 4110 976 4179 inspectionem
995 4109 1100 4180 quidem
1115 4112 1172 4165 eius
1192 4112 1362 4167 admitterem
1375 4112 1424 4167 nisi

260 4178 349 4231 fideles
366 4186 391 4230 et
408 4178 558 4247 baptizatos.
595 4177 666 4230 Unde
689 4186 716 4229 et
730 4185 790 4230 anto
806 4180 1028 4232 consecrationem
1045 4180 1117 4234 exire
1131 4180 1291 4235 iubebantur
1308 4182 1423 4235 cotecis

261 4251 337 4310 meni,
355 4251 514 4311 enerqnnrem'
530 4252 557 4299 et
572 4252 735 4315 poenitentes.
775 4247 936 4313 Micrologus
952 4247 984 4299 de
1005 4248 1133 4303 observat
1149 4250 1296 4305 ecclesiast.
1311 4266 1368 4321 cap
1384 4248 1423 4303 ut

259 4324 323 4368 torn.
336 4315 379 4367 ll'.
393 4313 538 4367 bibliothec.
568 4322 661 4367 etrum.
678 4316 810 4367 dioximus
821 4314 965 4369 Monachus
976 4316 1004 4369 iu
1016 4316 1180 4387 expositione
1187 4316 1324 4389 liturgiae
1335 4334 1358 4373 c.
1368 4318 1423 4373 XV.

260 4390 286 4435 et
297 4382 366 4435 Xl'l.
384 4382 506 4435 Nicolaus
518 4332 637 4436 CeIJesila
653 4384 745 4453 interp.
762 4384 789 4436 in
805 4384 921 4436 dirim
938 4384 1094 4439 sacrificium
1111 4401 1132 4439 c.
1144 4384 1245 4441 XXlll.
1280 4386 1423 4441 Gsmauua

260 4451 468 4520 archiepiscopus
486 4451 708 4521 constantinopol.
720 4468 807 4505 rerum
822 4452 964 4505 ecclesiast.
976 4452 1075 4507 theoria
1085 4452 1132 4509 iol.
1145 4452 1205 4509 678.
1216 4454 1277 4511 679.
1311 4454 1423 4509 Guilhal·

260 4536 319 4571 mus
331 4520 463 4573 Duranius
474 4520 613 4572 Minatens.
623 4521 747 4573 ecclesiae
759 4521 846 4591 episco
866 4558 872 4571 .
883 4521 1040 4575 inrationali
1051 4522 1319 4577 divinenofficiorum
1329 4522 1422 4579 lthV.

260 4587 305 4643 iol.
317 4588 358 4641 ili.
371 4590 415 4641 lib.
430 4588 469 4641 l'l.
482 4589 526 4640 Iol.
539 4588 660 4642 CXXIX.
686 4590 808 4642 Albertus
854 4604 939 4659 agnus
948 4590 1082 4645 lietisbon.
1094 4592 1209 4663 episcop.
1221 4592 1254 4647 de
1265 4592 1353 4649 efficio
1362 4592 1421 4647 nis·
