3046 5124
264 383 327 450 278
540 322 542 327 ¹
688 378 1005 421 essene-mummuli

265 557 360 623 quam
380 537 443 602 dici
461 536 632 603 Dominum
647 536 737 618 dicit,
758 535 814 601 sed
836 536 982 620 angelum
1003 539 1103 623 penit.
1139 536 1225 602 8Hoc
1243 535 1315 602 vult
1333 536 1427 602 rideri

264 640 419 707 mundum
432 641 613 704 institutum
628 638 668 704 ed
682 641 890 704 imitationem
908 638 1018 704 muudi
1038 640 1223 726 superioris3
1243 640 1297 704 cui
1315 638 1427 704 mundo

263 745 486 831 permiscuisse
505 743 749 829 paenitentiam,
774 744 929 825 quianon
949 741 1039 807 illum
1058 748 1124 806 tam
1143 741 1284 828 perfecte
1308 742 1429 807 fecisset

266 868 359 933 quam
373 846 427 911 ille
443 848 585 930 superior
599 843 736 909 mundus
751 847 915 909 institutus
930 845 1051 910 suisset.
1086 843 1203 929 Legem
1217 850 1251 909 et
1264 845 1429 932 prophetas

264 950 418 1036 repudiat.
458 949 616 1013 Christum
631 966 731 1032 neque
746 948 780 1010 in
795 948 1012 1033 phantasmate
1028 947 1106 1014 dicit
1119 947 1233 1030 inisse,
1254 949 1339 1012 sicut
1351 947 1429 1014 Mar·

265 1057 346 1137 cion,
361 1073 463 1137 neque
484 1055 516 1115 in
532 1050 709 1116 substantia
722 1052 789 1115 veri
809 1053 963 1136 corporis,
981 1056 1018 1115 ut
1036 1048 1232 1134 evangelium
1247 1048 1359 1134 docet,
1379 1050 1429 1115 sed

264 1156 364 1238 ‘idea
383 1153 467 1241 quod
483 1173 500 1218 e
515 1153 728 1239 superioribus
742 1153 884 1240 partibus
900 1153 1116 1236 descenderet,
1133 1154 1201 1239 ipso
1218 1153 1378 1218 descensu
1391 1154 1429 1219 si·

264 1258 391 1325 deream
407 1257 468 1322 sibi
484 1276 611 1323 carnem
631 1262 663 1319 et
678 1260 800 1322 a'e'ream
814 1259 1029 1321 centexuisse:
1051 1257 1135 1321 hunc
1149 1259 1183 1321 in
1204 1259 1430 1323 resurrectione

265 1360 396 1444 singulis
413 1359 588 1444 quibusque
604 1359 768 1423 elementis
789 1379 867 1444 quae
888 1362 921 1423 in
942 1358 1096 1435 descensu
1115 1379 1171 1424 suo
1190 1364 1339 1424 mutuate
1357 1359 1430 1424 iuis·

265 1466 384 1529 sentin
400 1483 533 1527 ascensu
548 1461 741 1544 reddidisse,
762 1468 793 1526 et
808 1464 853 1526 sic
869 1460 1020 1547 dispersis
1036 1461 1212 1548 quibusque
1227 1463 1373 1548 corporis
1386 1465 1430 1527 sui

265 1567 407 1653 partibus
423 1568 456 1629 in
473 1564 558 1630 caelo
574 1568 720 1650 spiritum
734 1570 858 1629 tantum
872 1564 1058 1629 reddidisse.
1093 1565 1152 1629 Hic
1173 1564 1280 1630 carnis
1295 1585 1429 1632 resurre-

266 1672 403 1734 ctionem
417 1673 520 1750 negat.
558 1667 629 1732 Solo
645 1670 744 1731 utitur
758 1672 790 1731 et
804 1666 954 1752 apostolo,
970 1666 1027 1731 sed
1040 1665 1229 1750 Marcionis,
1250 1667 1288 1732 id
1308 1673 1360 1732 est
1371 1689 1430 1734 non

264 1778 338 1836 toto.
375 1771 560 1835 Animarum
576 1770 714 1835 solarum
730 1768 807 1834 dicit
819 1770 962 1834 salutem.
995 1768 1100 1834 Habet
1109 1774 1275 1855 praeterea
1285 1772 1431 1856 privatas,

265 1873 321 1938 sed
336 1873 578 1938 extraordinaris
593 1872 745 1937 lectiones
761 1894 845 1956 suas,
860 1894 937 1958 quas
952 1872 1090 1959 appellat
1107 1871 1347 1956 ⁵Phaneroseis,
1360 1874 1430 1939 Phi·

266 1977 407 2041 lumenes
423 1975 585 2041 cuiusdam
596 1975 728 2063 puellae,
744 1995 838 2059 quarn
853 1978 941 2060 quasi
953 1976 1182 2063 prophetissam
1193 1978 1349 2059 sequitur.
1370 1976 1430 2042 112·

264 2079 319 2144 bct
332 2085 494 2164 praeterea
509 2100 581 2144 suos
596 2079 692 2143 libros
709 2097 785 2162 quos
804 2080 966 2164 inscripsit
981 2077 1250 2162 syllogismum,
1262 2080 1301 2143 in
1320 2078 1430 2163 quibus

264 2183 396 2267 probare
411 2182 479 2246 vult
493 2181 577 2266 quod
592 2165 696 2246 oninia
712 2201 915 2265 quaecunque
926 2181 1048 2265 Moyses
1060 2180 1098 2245 de
1114 2180 1172 2246 deo
1184 2180 1351 2267 scripserit
1362 2203 1431 2248 vera

263 2306 327 2350 non
343 2288 416 2367 sint,
432 2286 488 2349 sed
503 2284 582 2349 lalsa
596 2286 669 2348 sint.

136 2418 186 2471 οη,
201 2419 245 2460 xx,
326 2389 384 2452 His
404 2388 571 2452 haereticis
593 2388 738 2452 omnihus
758 2385 880 2451 accedit
899 2386 1051 2451 'setianus
1072 2384 1200 2471 quidam
1220 2384 1302 2452 ulter
1321 2387 1428 2452 haere·

263 2492 354 2556 ticus.
377 2490 437 2556 Hic
452 2490 566 2555 lustini
579 2490 725 2573 Martyris
741 2488 913 2575 discipulus
928 2489 1001 2569 fuit;
1016 2490 1184 2575 posthunc
1200 2489 1347 2556 ¹diversa
1360 2512 1427 2557 ssu·

264 2594 322 2658 tire
339 2596 451 2679 coepit.
475 2593 573 2657 Totus
589 2595 674 2658 enim
684 2591 858 2661 secundum
869 2591 1070 2656 Valentinum
1082 2595 1173 2678 sapit,
1188 2591 1333 2661 adiciens
1344 2594 1428 2678 illud,

263 2694 365 2768 Adam
380 2716 439 2761 nec
456 2694 591 2760 salutem
606 2697 756 2779 consequi
770 2715 878 2781 posse3
900 2696 988 2779 quasi
1004 2714 1078 2778 non,
1097 2698 1124 2760 si
1144 2699 1224 2761 rami
1245 2695 1328 2762 salvi
1342 2697 1427 2780 fiunt,

265 2806 296 2864 et
310 2799 400 2864 radix
414 2797 501 2863 salva
515 2799 565 2863 sit.

129 2915 179 2967 coo.
191 2916 246 2959 ¹111·
327 2903 541 2971 Accesserant
559 2901 613 2965 alii
635 2900 802 2983 haeretici,
831 2902 883 2985 qui
906 2899 1053 2966 dicuntur
1074 2899 1257 2967 Secundum
1282 2902 1427 2989 Phrygas,

266 3004 322 3069 sed
341 3006 452 3071 horum
473 3026 537 3069 non
556 3026 620 3069 una
642 3004 784 3069 doctrina
803 3009 860 3069 est
897 3003 979 3068 Sunt
1003 3004 1087 3069 enim
1109 3003 1163 3089 qui
1181 3003 1268 3070 Kata
1285 3006 1427 3073 Proclum

266 3108 427 3190 dicuntur,
450 3113 523 3171 sunt
543 3106 596 3171 alii
617 3110 670 3191 qni
690 3107 871 3173 Secundum
892 3106 1082 3172 Aeschinem
1100 3110 1356 3192 pronuntiantur.
1390 3108 1428 3176 lli

265 3209 383 3275 habent
402 3211 496 3274 alium
516 3230 713 3275 communem
734 3210 977 3296 blasphemiam,
1004 3208 1098 3274 aliam
1112 3209 1347 3297 blasphemiam
1369 3233 1427 3279 uon

265 3334 472 3395 communem,
488 3312 545 3377 sed
559 3313 749 3399 peculiarem
764 3319 795 3377 et
809 3333 913 3378 suam:
930 3318 962 3376 et
977 3333 1174 3378 communem
1189 3315 1320 3399 quidem
1335 3314 1427 3398 illam,

265 3438 326 3501 qua
340 3419 373 3480 in
385 3415 534 3502 apostolis
546 3417 673 3500 quidem
685 3417 794 3481 dicant
804 3418 949 3502 spiritum
960 3421 1104 3480 sanctum
1114 3416 1222 3499 fuisse,
1236 3416 1428 3505 paracletum

264 3540 328 3584 non
342 3520 450 3601 fuisse,
466 3525 497 3583 ct
509 3540 570 3603 qua
582 3519 688 3583 dicant
699 3520 890 3604 paracletum
901 3518 992 3605 plura
1002 3521 1036 3583 in
1046 3517 1195 3584 Montano
1207 3519 1328 3587 dixisse
1341 3542 1428 3608 qnam

265 3623 423 3688 Christum
443 3625 477 3687 in
496 3622 692 3706 evangelium
712 3622 895 3708 protulisse,
917 3643 976 3687 nec
995 3626 1119 3687 tantum
1137 3622 1244 3708 plura,
1264 3624 1323 3691 ssd
1339 3628 1429 3691 stim

264 3726 393 3791 meliora
408 3731 500 3810 atque
516 3728 643 3790 maiora.
679 3726 838 3791 Privatam
857 3723 1206 3812 antemblasphemiam
1224 3724 1273 3792 illi
1288 3730 1345 3813 qui
1360 3734 1429 3794 suut

263 3828 346 3892 Kato
363 3828 556 3893 Aeschinem
574 3829 656 3893 hanc
676 3828 795 3894 habent
815 3849 877 3913 qua
896 3827 1037 3893 adiciunt
1057 3828 1153 3892 etiam
1171 3827 1248 3912 hoc,
1267 3835 1306 3895 ut
1326 3830 1430 3898 dicent

265 3931 424 3996 Christum
438 3934 542 4017 ipsum
557 3952 626 3996 esse
641 3930 740 3996 lilium
755 3936 787 3995 et
801 3937 931 4017 patrem.

118 4067 168 4120 Q„
180 4067 248 4109 xxn.
327 4034 383 4099 Est
397 4041 559 4121 praeterea
573 4034 622 4098 his
638 4035 783 4099 omnibus
798 4036 893 4099 etiam
906 4034 1032 4100 Blastus
1047 4034 1212 4119 accedeus,
1227 4037 1283 4120 qui
1296 4034 1429 4103 latenter

264 4136 456 4202 Iudaismum
471 4138 538 4201 vult
551 4138 758 4203 introducere.
795 4137 918 4203 Pascha
938 4140 1023 4203 enim
1042 4137 1119 4204 dicit
1138 4159 1203 4204 non
1217 4138 1312 4206 aliter
1325 4148 1427 4208 custo·

267 4240 416 4305 diendum
431 4261 510 4324 esse,
525 4244 588 4305 nisi
603 4240 777 4306 secuudum
791 4240 891 4325 legem
904 4241 1005 4326 Moysi
1019 4240 1100 4306 XIV.
1115 4244 1244 4309 mensis.
1282 4243 1362 4322 Quis
1376 4266 1426 4310 au-

314 4461 338 4514 3.
351 4460 467 4513 Fuerant
476 4466 519 4530 qai
524 4462 564 4514 Ab
573 4461 622 4514 bec
629 4465 805 4531 corripendum
817 4473 954 4518 censerent.
979 4464 1017 4516 Aa
1031 4465 1149 4516 mallim
1163 4480 1246 4535 supra
1258 4482 1320 4536 cap.
1331 4465 1357 4520 4.
1369 4468 1426 4536 teyt-

264 4550 316 4651 ’ἕπε
328 4547 380 4651 qupo
389 4530 504 4584 Mentem
516 4536 637 4586 creatam.
662 4581 668 4593 ,
694 4531 719 4584 4.
731 4530 810 4601 Valyo
822 4531 850 4586 iu
861 4548 893 4586 ee
906 4531 984 4604 qued.
1041 4532 1065 4587 5.
1079 4532 1119 4603 Cf.
1135 4532 1240 4587 Tenuit.
1252 4532 1296 4589 De
1306 4534 1424 4589 stam.

293 4617 352 4654 aere
363 4616 396 4652 ,ο

398 4619 415 4650 a
434 4598 498 4652 .30.

332 4617 465 4738 CepMX.
475 4697 508 4707 -
529 4667 551 4720 l.
574 4666 653 4736 Vulqo
665 4667 756 4723 divisa.
