3046 5124
118 837 167 887 cap.
182 837 260 876 xvru.

153 2375 202 2426 (hp.
217 2375 261 2414 XX.

143 2684 192 2734 Cap.
207 2684 261 2722 xxi.

132 3608 181 3659 Cap.
196 3609 262 3647 xxii.

124 4124 175 4174 cap.
188 4122 264 4162 usur.

278 359 340 423 2oe
782 350 934 391 AUGUS'HNI

280 512 460 576 charistiam
476 510 680 574 sanctificare.
712 507 844 585 Quidam
860 507 970 572 mount
985 510 1062 571 istos
1079 506 1209 591 Ophites
1224 526 1264 569 ex
1278 503 1441 571 Nicolaitis

279 619 344 678 sive
362 615 517 679 Gnostieis
534 615 690 692 extitisse,
712 618 743 673 ct
761 631 817 694 per
839 631 946 674 eorum
965 609 1107 672 fabulosa
1126 609 1274 690 figmonta
1297 608 1337 672 ad
1359 607 1441 673 colu·

281 717 370 780 hrum
386 715 551 779 colendum
566 716 662 778 luisse
678 719 873 799 perventum

343 821 450 881 tfaiaui
471 823 636 902 propterea
656 819 700 880 sic
717 816 876 901 appellati,
892 818 1038 899 quoniam
1054 816 1130 878 Cain
1145 813 1319 895 honorant,
1335 814 1443 878 dicen-

280 928 325 983 tes
342 942 413 984 erum
428 921 616 984 fortissimae
629 940 697 981 csse
714 921 847 982 virtutis.
877 917 977 982 Simul
992 923 1023 980 et
1037 917 1146 981 ludum
1163 918 1348 1005 traditorem
1364 918 1443 981 divi·

279 1045 354 1086 nurn
370 1023 487 1105 aliquid
503 1028 615 1107 putant
629 1042 715 1100 esse,
730 1027 761 1084 et
776 1021 878 1103 scelus
893 1023 959 1084 eius
975 1020 1163 1084 beneiicium
1179 1020 1342 1105 deputant,
1358 1041 1444 1083 asse-

280 1133 382 1189 rentes
399 1147 470 1189 eum
485 1127 658 1210 praescisse
674 1132 825 1206 quantum
841 1131 924 1187 esset
938 1125 1042 1206 generi
1058 1122 1192 1186 humano
1206 1122 1325 1186 Christi
1341 1125 1445 1207 passio

280 1229 449 1312 profutura,
466 1235 496 1289 et
512 1226 716 1291 occidendum
731 1226 855 1290 ludaeis
870 1233 1034 1311 propterea
1049 1225 1224 1288 tradidisse.
1248 1225 1323 1289 illos
1339 1228 1445 1304 etiarn,

280 1333 330 1413 qui
348 1331 485 1394 schisma
499 1332 650 1393 iacientes
666 1331 698 1391 in
714 1332 814 1412 primo
829 1329 943 1413 populo
961 1328 1010 1392 dei
1026 1339 1108 1391 terra
1124 1327 1307 1392 dehiscente
1324 1329 1444 1412 ¹perie-

280 1440 362 1505 rrrnt,
376 1432 592 1496 etSodomitas
602 1432 701 1496 colere
714 1432 927 1515 perhibentur.
949 1429 1295 1514 Blasphemautlegcm,
1308 1437 1340 1493 ct
1352 1430 1445 1494 deum

280 1536 355 1616 legis
372 1542 531 1598 strictorem
548 1537 711 1616 carnisque
729 1536 986 1597 resurrectionem
1002 1538 1125 1613 nogant.

343 1637 486 1700 Sethiani
502 1659 615 1700 nornen
630 1644 818 1720 acceperunt
832 1659 851 1698 a
866 1636 927 1698 lilio
943 1635 1047 1715 Adae,
1068 1637 1121 1717 qui
1142 1642 1271 1699 vecutus
1287 1641 1337 1701 est
1354 1636 1445 1709 Sedu

280 1761 351 1801 euru
368 1742 482 1823 quippe
499 1739 668 1819 honorant,
690 1739 744 1802 scd
766 1738 908 1801 i'almlusa
923 1743 954 1801 ct
969 1737 1127 1801 haeretica
1143 1741 1291 1812 uanitate.
1328 1738 1447 1802 llicuut

281 1844 364 1905 enirn
388 1862 458 1903 euru
481 1842 519 1903 de
542 1863 677 1926 superna
697 1849 794 1904 matre
811 1848 935 1921 natum,
956 1862 1049 1923 quam
1072 1839 1238 1924 perhibent
1260 1844 1446 1905 conuenisse

281 1967 349 2007 cum
361 1965 493 2027 superno
506 1950 605 2028 prdrc,
621 1944 702 2007 unde
716 1945 857 2007 (lirinum
869 1964 976 2006 semen
989 1942 1073 2005 aliud
1085 1950 1277 2024 nasceretur,
1294 1956 1445 2027 tanquam

281 2048 413 2109 liliorum
429 2047 488 2110 dei.
512 2048 552 2110 lli
568 2068 689 2130 quoque
704 2047 804 2109 multa
819 2046 857 2109 de
872 2046 1099 2130 principatibus
1115 2053 1147 2107 et
1163 2047 1374 2130 potestatibus
1391 2069 1443 2111 ua·

280 2153 410 2213 nissirua
424 2149 611 2213 fabulantur.
650 2150 783 2226 Quidam
803 2170 856 2213 eos
878 2149 987 2212 dicunt
1001 2150 1075 2213 Sem
1091 2148 1188 2212 lilium
1204 2149 1268 2212 No'd
1285 2148 1445 2213 Christum

280 2259 397 2336 putare.

344 2357 522 2419 rirclront-ici
544 2377 562 2418 a
582 2355 776 2440 principibus
802 2353 949 2439 appellati
971 2357 1223 2433 universitatem,
1249 2374 1345 2436 quam
1370 2355 1445 2419 deus

281 2459 430 2539 condidit,
446 2480 539 2543 opera
554 2478 622 2522 esse
639 2460 817 2544 principum
832 2456 951 2522 dicunt.
985 2457 1161 2541 Operautur
1176 2459 1269 2520 etiarn
1286 2458 1446 2540 quandam

281 2563 516 2645 turpitudinem.
539 2562 813 2625 Resurrectionem
828 2562 931 2624 carnis
947 2566 1072 2643 negant.

344 2667 353 2723 t
360 2665 529 2728 'culorriani
549 2686 568 2726 a
588 2664 727 2727 Cerdone
744 2665 910 2744 nominati,
935 2665 987 2745 qui
1003 2663 1063 2726 duo
1079 2664 1235 2746 principia
1255 2663 1315 2727 sibi
1331 2663 1443 2728 adver·

280 2770 382 2831 santia
398 2769 632 2849 tlogrnatizarit,
654 2766 808 2848 deumque
829 2765 907 2847 legis
928 2787 963 2829 ac
985 2764 1207 2850 prophetarum
1222 2788 1285 2829 non
1302 2788 1373 2831 csse
1391 2790 1444 2853 pa·

281 2878 357 2932 trern
376 2870 502 2950 (urrisu,
518 2891 575 2932 uec
591 2870 708 2933 bouum
724 2868 817 2932 deum
830 2889 909 2947 esse,
926 2867 981 2931 sed
992 2870 1120 2948 iustum,
1136 2874 1257 2952 patrem
1270 2890 1343 2933 vero
1357 2870 1445 2934 (ibri-

282 2975 320 3035 sti
339 2973 470 3052 benum,
492 2972 710 3054 Christumque
731 2973 835 3056 ipsum
853 2977 963 3034 natum
978 2991 1016 3034 ex
1036 2970 1153 3033 femina
1177 2992 1277 3054 neque
1298 2971 1446 3037 hahuisse

282 3096 421 3155 carnem,
442 3096 499 3137 nec
522 3096 592 3136 rere
614 3081 771 3138 mortuum
791 3073 842 3137 vel
862 3076 1029 3157 quicquam
1043 3095 1188 3158 passum,
1208 3074 1264 3137 sed
1279 3074 1446 3139 simulasse

282 3181 468 3262 passionem.
507 3177 638 3254 Quidam
656 3198 728 3240 vero
751 3180 782 3239 in
804 3177 924 3241 duobus
946 3178 1107 3261 principiis
1131 3179 1195 3240 suis
1218 3175 1296 3241 duos
1313 3176 1390 3242 deos
1405 3182 1447 3242 ita

283 3301 354 3344 cum
371 3280 486 3343 dixisse
499 3280 676 3363 perhibent,
691 3287 726 3342 ut
738 3301 818 3343 unus
832 3299 937 3344 corum
950 3286 1033 3342 esset
1045 3279 1156 3361 bouus,
1171 3279 1250 3342 altcr
1261 3286 1367 3343 autern
1382 3304 1445 3345 rna-

282 3384 339 3446 lus.
377 3383 647 3446 Resurrectionem
662 3389 857 3447 mortuorum
872 3388 981 3464 negat,
996 3402 1147 3466 spernens
1164 3384 1259 3446 etiam
1274 3390 1445 3450 testamcu-

282 3495 347 3550 tum
364 3493 463 3549 retus.

347 3590 483 3652 Marcion
505 3611 637 3672 quoquc,
659 3610 677 3650 a
699 3609 759 3670 quo
782 3588 983 3652 Marcionitae
1007 3587 1155 3672 appellati
1179 3594 1268 3669 sunt,
1296 3589 1446 3655 Cerdonis

283 3699 409 3757 secutus
423 3699 471 3755 cst
483 3692 629 3775 dogmata
642 3690 680 3754 de
690 3691 811 3755 duobus
820 3693 991 3776 principiis.
1017 3692 1165 3767 Quamvis
1173 3690 1369 3776 Epiphanius
1378 3714 1447 3757 eum

282 3798 342 3858 tria
357 3795 440 3858 dicat
455 3797 625 3858 asseruisse
641 3796 812 3879 principia,
833 3793 966 3874 bonum,
986 3795 1118 3874 iustum,
1134 3814 1279 3879 pravum:
1297 3794 1354 3860 scd
1371 3796 1446 3861 1Ειι·

283 3898 388 3961 sebius
404 3900 549 3961 Sinerem
565 3895 731 3980 quendam,
747 3918 810 3960 non
825 3896 1032 3977 Marcionem,
1048 3898 1142 3960 trium
1158 3898 1385 3981 principiorum
1401 3908 1446 3963 at-

283 4022 341 4083 que
358 4007 539 4064 naturarum
555 4001 664 4064 scribit
678 4005 845 4063 auctorem.

346 4103 500 4188 ripollitae
523 4108 595 4165 sunt
611 4122 742 4185 quorum
757 4100 884 4187 Apelles
905 4108 953 4164 cst
968 4104 1131 4187 princeps,
1153 4104 1206 4185 qui
1227 4101 1306 4167 duos
1323 4105 1446 4188 quidem

221 4264 224 4269 .
285 4207 357 4270 deos
375 4206 555 4286 introducit,
572 4226 669 4269 unum
685 4205 813 4284 bonum,
829 4203 961 4267 altorum
975 4204 1108 4268 mulum:
1124 4225 1187 4268 uon
1203 4211 1308 4269 tumen
1325 4206 1358 4271 iu
1371 4207 1446 4273 duo·

284 4365 384 4429 purant,
396 4357 580 4410 sanctificatas.
608 4357 726 4410 Tradunt
736 4357 813 4410 huius
825 4357 952 4427 serpentis
965 4358 1062 4410 cultum
1075 4374 1091 4410 a
1102 4357 1236 4411 Nicolaitis
1248 4357 1304 4410 sive
1317 4358 1447 4415 Gnostici»

285 4430 317 4480 ad
329 4430 393 4480 istos
405 4426 550 4478 ‹leductum
598 4425 706 4494 Bened.)

353 4494 565 4566 uap.xvr11.-
585 4429 607 4549 l.
619 4495 681 4547 Post
715 4496 828 4547 ericruut
843 4495 907 4546 editi
924 4496 1022 4546 addunt
1037 4494 1129 4559 Chore,
1144 4494 1248 4548 Dathuu
1259 4501 1286 4548 ct
1297 4495 1412 4559 Abirom
1421 4496 1449 4549 t'd

287 4585 333 4618 noa
346 4575 382 4616 est
392 4568 418 4614 iu
432 4561 521 4616 MSS.''
539 4563 660 4630 (Beucd.)
695 4512 734 4616 Ni.
746 4563 852 4617 Numer.
863 4562 935 4625 xvi,
948 4563 988 4617 24.
1001 4579 1072 4632 seqq.

353 4632 415 4702 Gap.
428 4629 512 4685 XXll.
526 4662 558 4670 —
578 4633 600 4683 l.
611 4631 706 4684 Euscb.
717 4632 762 4684 lib.
773 4631 805 4696 V,
817 4646 873 4700 cap.
888 4630 927 4683 13.
