3046 5124
256 333 318 399 344
660 331 799 374 nexerunt
811 333 1004 377 mssrnmxere

256 487 298 538 ⁴in
311 487 490 538 remissionem
501 492 667 556 peecatorum
678 487 803 541 ueraciter
815 487 990 559 baptizantur,
1008 494 1036 541 ut
1046 489 1074 543 in
1085 489 1124 542 eis
1136 490 1336 560 regeneratione
1346 507 1415 543 mun·

256 571 329 623 detur
342 571 410 641 quod
422 573 588 640 generatione
599 579 742 627 traxerunt.

70 672 129 723 (cap.
144 672 237 723 xxxv.)
323 657 395 719 Quod
408 657 560 710 aitsanctus
575 658 716 710 ¹Iohauues
729 660 876 727 apostolus,
893 659 923 710 Si
941 662 1150 729 decenosque
1162 670 1301 729 peceatum
1314 678 1365 713 oon
1375 662 1417 713 io·

228 808 232 813 .
256 744 338 794 berrue
342 782 350 805 ,
363 761 407 794 noe
420 747 488 811 ipsos
498 746 653 805 reducimur,
672 752 697 794 et
707 748 804 795 teritos
815 748 842 795 in
855 745 925 795 nodie
937 764 983 795 uon
997 755 1046 797 eat:
1058 746 1178 815 quisquis
1190 746 1229 799 sie
1242 746 1418 815 accipiendum

255 829 394 898 putaverit,
412 832 442 880 ut
453 827 521 880 dicet
531 834 635 899 propter
646 826 820 881 humilitatem
832 847 886 882 non
899 836 1017 899 oportere
1033 829 1084 881 diei
1095 847 1144 883 nos
1155 848 1210 883 nou
1221 830 1320 884 habere
1332 848 1418 901 pecea-

255 921 318 981 tum,
331 931 384 966 non
397 914 458 983 quia
471 914 546 966 2rere
558 914 596 967 ita
607 920 654 978 est,
667 913 806 966 anathema
817 914 859 968 sit.
887 914 1010 984 Sequitur
1022 915 1092 967 enim
1103 916 1240 985 apostolus
1252 922 1280 969 et
1291 916 1417 985 adiungit:

254 1000 283 1049 Si
295 1009 378 1051 nutem
391 1004 500 1068 toufeeei
503 1002 631 1066 fuerintne
639 1008 752 1068 peecata
764 1008 865 1062 eost-ro,
879 1002 966 1067 fidelr'a
978 1010 1017 1051 eet
1027 1009 1052 1053 et
1062 1003 1155 1063 iustus,
1171 1004 1216 1069 qui
1226 1006 1344 1053 remittat
1354 1003 1419 1053 uobr'e

250 1094 371 1154 peccatu,
384 1093 408 1137 et
417 1087 519 1136 mundet
530 1104 574 1136 noe
583 1085 615 1135 ab
628 1088 695 1136 omni
705 1088 845 1153 iniquitate.
875 1084 925 1137 Ubi
937 1085 1001 1137 satie
1013 1090 1122 1155 apparet
1132 1084 1183 1138 hoo
1194 1104 1249 1141 uon
1260 1094 1364 1143 tantum
1376 1086 1418 1139 ltu·

253 1171 359 1234 milIter,
377 1170 423 1222 sed
440 1170 518 1222 etiam
534 1170 659 1222 veraciter
677 1170 735 1224 dici.
764 1169 870 1221 Poterat
884 1170 955 1223 enim
970 1170 1103 1240 apostolus
1120 1170 1220 1235 dicere,
1237 1170 1268 1225 Si
1280 1171 1419 1225 dixerimus

254 1255 332 1323 ³quia
344 1272 396 1307 nou
408 1254 534 1307 habemus
547 1261 696 1325 peceatum,
713 1272 761 1307 nos
774 1256 846 1324 ipsos
855 1255 1018 1319 extollimus,
1036 1260 1063 1307 et
1078 1254 1212 1309 humilitas
1229 1256 1259 1310 iu
1275 1258 1354 1311 uobis
1370 1275 1419 1311 nou

254 1346 300 1393 est.
330 1340 382 1392 Sed
394 1357 453 1392 oum
465 1340 513 1404 ait,
531 1340 586 1391 Noe
599 1345 666 1408 ipseo
679 1343 829 1408 decipimus,
848 1349 873 1391 et
884 1345 979 1392 veritae
991 1344 1018 1391 in
1030 1341 1101 1393 nobie
1112 1360 1160 1392 nou
1172 1350 1217 1405 eet,
1229 1342 1297 1395 satie
1309 1343 1419 1397 ostendit

253 1442 321 1489 enm,
335 1427 378 1493 qui
390 1425 485 1477 dixerit
496 1428 526 1477 se'
536 1443 588 1478 nou
600 1425 695 1477 habere
707 1430 848 1493 peccatum,
861 1441 915 1476 nou
926 1442 1017 1477 vorum
1028 1425 1109 1494 loqui,
1120 1425 1167 1477 sed
1178 1425 1286 1482 tenum.

58 1510 118 1561 (0⁸1³-
131 1510 235 1559 XXXVI)
321 1509 474 1579 Quicunque
491 1511 585 1563 dixerit
601 1511 627 1562 in
646 1511 761 1563 oratione
779 1510 907 1562 dominica
926 1510 983 1563 ideo
996 1509 1080 1562 dicore
1092 1516 1213 1577 sanctos,
1233 1512 1340 1564 Dimitte
1352 1514 1418 1565 nodr'r

255 1597 339 1647 detrito
353 1605 449 1658 nostro,
462 1604 491 1647 ut
503 1614 554 1648 uon
568 1614 614 1665 pro
627 1596 719 1665 seipsis
731 1594 779 1647 hoe
792 1595 891 1657 dicant,
904 1595 967 1663 quia
978 1611 1031 1647 non
1043 1600 1084 1647 est
1094 1596 1131 1647 eis
1143 1596 1198 1650 iarn
1209 1598 1360 1651 necessario
1372 1600 1418 1651 ista

253 1682 353 1750 petitio,
366 1681 409 1733 sed
422 1698 468 1750 pro
481 1681 538 1733 aliis
552 1682 597 1749 qni
609 1682 708 1733 suntin
720 1698 767 1733 suo
780 1680 876 1749 populo
889 1686 1047 1749 peccatores,
1060 1686 1086 1731 et
1097 1679 1156 1733 ideo
1167 1698 1222 1733 uon
1231 1682 1320 1735 dicere
1329 1700 1417 1736 unum·

254 1783 383 1835 quemque
392 1772 549 1827 sauctorum,
562 1766 668 1818 Dimitte
680 1764 745 1818 mihi
757 1765 844 1817 debita
856 1781 923 1827 mea,
935 1765 989 1829 sed,
1001 1765 1109 1817 Dimitte
1121 1765 1199 1818 nobis
1213 1766 1314 1821 ¹debita
1326 1778 1418 1833 nostra,

255 1856 283 1904 ut
294 1851 343 1904 hoo
355 1869 401 1921 pro
415 1852 471 1903 aliis
484 1852 570 1920 potius
584 1868 662 1920 qnam
673 1868 720 1919 pro
733 1867 761 1903 se
772 1851 856 1902 iustus
866 1856 952 1919 petere
961 1850 1130 1919 intelligatur,
1143 1850 1287 1905 anathemo
1295 1854 1338 1909 sit.
1357 1854 1417 1907 Sau-

258 1945 314 1990 ctus
327 1939 396 1989 enim
408 1944 435 1989 et
446 1938 531 1989 iustus
544 1942 599 1988 erat
610 1936 743 2006 apostolus
755 1936 873 1999 Iacobus,
886 1952 945 1987 cum
958 1934 1067 1999 dicebat,
1081 1936 1129 1987 ²Iu
1141 1937 1227 1988 multis
1239 1942 1304 1989 euim
1317 1942 1417 2008 effendi-

255 2042 307 2074 mus
319 2041 408 2075 omres.
432 2022 499 2075 Nam
511 2039 592 2091 quare
604 2022 719 2073 additum
732 2027 771 2073 est
784 2021 893 2085 Omnes,
909 2021 960 2073 uisi
973 2025 1002 2073 ut
1012 2021 1064 2073 ista
1074 2021 1205 2074 sententia
1215 2025 1368 2077 conveniret
1379 2024 1418 2078 ³et

254 2110 363 2179 psalmo,
376 2109 420 2160 ubi
433 2110 538 2177 legitur:
552 2109 593 2159 No
606 2112 684 2159 intres
695 2112 721 2157 io
734 2110 854 2159 diudicium
868 2126 921 2157 eum
934 2126 1006 2157 seruo
1018 2117 1067 2169 teo,
1080 2110 1197 2175 quonium
1210 2126 1260 2159 rrou
1272 2108 1417 2179 iuet'r'jieuli·

254 2205 295 2246 tur
307 2200 333 2245 in
345 2205 478 2263 eormpeotrr
492 2204 532 2244 tuo
544 2198 622 2245 oratorie
636 2196 736 2243 eir-erre!
752 2193 785 2245 Et
797 2193 823 2245 iu
836 2193 952 2245 oratione
965 2192 1153 2261 sapientissimi
1163 2192 1345 2273 maiomenis:
1362 2196 1416 2247 rl'oo

254 2291 291 2333 eut
302 2280 371 2332 horreo
384 2284 427 2348 qui
439 2298 486 2331 non
497 2290 592 2347 per-eet,
621 2279 652 2330 Et
665 2280 692 2331 iu
704 2279 770 2331 libro
783 2279 867 2330 sancti
880 2278 956 2329 5[οἰκ
983 2278 1015 2328 Iu
1027 2296 1101 2329 marre
1113 2282 1194 2329 omnis
1206 2278 1316 2331 hemionis
1327 2284 1416 2349 ciperet,

254 2377 281 2416 ut
290 2370 358 2417 neiat
370 2368 448 2416 omnis
460 2364 529 2416 toruo
542 2368 712 2433 terirrrritrsteru
723 2383 804 2417 euurrr.
825 2362 897 2415 Unde
910 2364 988 2415 etiam
999 2362 1092 2415 Daniel
1102 2368 1210 2415 sanctus
1219 2371 1247 2415 et
1255 2364 1351 2431 iustus,
1361 2384 1416 2419 tum

253 2453 281 2504 in
294 2450 409 2503 oratione
421 2451 554 2519 pluraliter
567 2450 672 2501 diceret:
686 2449 879 2511 ⁶Peermeimrro,
897 2452 1053 2517 iniquitatem
1059 2451 1184 2516 sociosne,
1197 2453 1224 2501 et
1235 2456 1338 2514 cetera,
1355 2468 1417 2520 quae

254 2539 289 2589 ibi
303 2537 444 2589 ‘veraciter
457 2542 483 2587 et
494 2534 624 2587 humiliter
636 2534 786 2597 confitetur,
802 2550 836 2587 ne
848 2540 993 2603 putaretur,
1012 2532 1231 2602 quemadmodum
1244 2536 1351 2605 quidum
1363 2554 1416 2590 seu·

255 2625 328 2687 tiunt,
340 2622 389 2674 hoe
402 2639 454 2673 nou
467 2622 498 2673 do
511 2622 573 2684 suis,
587 2620 632 2672 sed
644 2620 675 2671 do
688 2620 777 2689 populi
789 2620 831 2671 sui
840 2620 939 2671 dixisse
948 2619 1070 2689 peccatis,
1082 2624 1175 2689 postea
1184 2619 1260 2685 dixit,
1274 2622 1354 2675 tium
1362 2642 1416 2675 om·

255 2728 304 2760 rem
316 2719 340 2759 et
348 2711 480 2777 confiterer
487 2715 599 2774 pet-turta
611 2725 667 2757 oneo
680 2715 704 2755 et
711 2714 824 2773 poetata
833 2706 925 2774 populi
934 2709 981 2755 urei
993 2706 1092 2757 domiuo
1105 2707 1150 2757 deo
1162 2724 1230 2757 meo:
1242 2708 1416 2761 nolultdicete

254 2794 362 2846 Peccata
374 2799 474 2855 nostra,
492 2792 536 2844 sed
552 2793 642 2861 populi
660 2792 700 2842 sui
717 2791 783 2842 dixit
798 2797 823 2842 et
840 2806 900 2855 sua,
919 2790 997 2859 ⁹quie
1013 2789 1115 2842 futuros
1133 2790 1210 2855 istos,
1227 2792 1274 2861 qui
1286 2798 1342 2847 tam
1354 2795 1417 2847 maie

257 2880 441 2949 ¹⁰intelliguut,
454 2890 578 2947 tauquam
591 2876 716 2948 propheta
727 2876 860 2946 praevidIt.
973 2884 983 2909 ¹

50 2970 110 3023 (cip.
123 2969 236 3018 xxxvu.)
322 2965 472 3033 Quicunque
485 2964 541 3033 ipsa
554 2964 633 3015 verba
645 2963 788 3015 dominicae
800 2962 924 3014 orationis
937 2962 982 3014 ubi
993 2962 1117 3015 dicineus:
1131 2962 1238 3015 Dimitte
1250 2966 1323 3017 nodie
1335 2966 1416 3019 dedite

255 3062 349 3112 trustra,
361 3052 398 3101 ite
411 3051 499 3101 volunt
510 3066 524 3100 a
534 3050 630 3102 sanetis
640 3049 697 3112 dici,
711 3054 739 3101 ut
750 3047 888 3111 humiliter,
900 3065 952 3100 uon
964 3048 1089 3100 veraciter
1100 3045 1149 3101 hoo
1162 3048 1272 3115 ditetur,
1283 3050 1418 3105 anathema

254 3138 295 3189 sit.
322 3137 385 3198 Quis
398 3134 467 3187 euim
478 3136 545 3187 terat
557 3141 687 3199 orantem,
706 3136 746 3185 ¹et
757 3150 810 3185 nou
822 3132 985 3197 hominibus,
1002 3132 1048 3185 sed
1060 3133 1111 3203 ipsi
1121 3133 1228 3187 domino
1241 3136 1416 3201 mentientem,

254 3223 300 3291 qui
311 3222 386 3273 labiis
400 3220 523 3284 sibidicit
534 3221 629 3273 dimitti
641 3221 718 3284 velle,
735 3224 761 3273 et
778 3218 855 3272 eorde
871 3218 934 3271 dieit
952 3234 1017 3289 quae
1029 3219 1080 3271 sibi
1091 3218 1255 3273 dimittentur
1267 3221 1356 3276 debita
1367 3240 1415 3277 uon

254 3307 364 3360 habere?

39 3400 97 3451 (erp.
111 3396 236 3448 xxxvnl.)
322 3392 421 3460 Siquis
434 3409 479 3461 per
493 3390 619 3443 ostensam
631 3391 859 3461 praevaricationis
872 3390 942 3444 Adae
954 3408 1008 3445 nou
1019 3396 1112 3459 totum,
1124 3391 1151 3445 id
1159 3392 1356 3447 eeteeeundurn
1364 3412 1415 3448 cor·

255 3496 302 3549 pus
315 3483 341 3530 ot
352 3478 478 3542 animam,
496 3478 523 3529 in
539 3476 651 3529 deterius
668 3476 730 3528 dicit
747 3475 880 3531 homiuem
896 3482 1100 3541 commutatum,
1116 3477 1162 3529 sed
1179 3478 1285 3533 auium
1300 3480 1415 3534 libertate

254 3567 344 3618 illaesa
356 3563 463 3617 durante
477 3578 569 3632 eorpus
582 3562 762 3615 tantummodo
775 3563 933 3633 corruptioni
944 3563 1025 3615 eredit
1041 3563 1198 3629 obnoxium,
1213 3562 1318 3635 Pelagii
1334 3582 1415 3621 errore

255 3652 376 3722 deceptus
389 3651 539 3703 adversatur
551 3649 693 3719 scripturae
703 3648 811 3713 dicenti,
831 3649 943 3701 ldrrirue
955 3668 1019 3718 quae
1031 3653 1195 3719 pen-aecer,
1213 3653 1273 3720 ipsu
1284 3656 1415 3705 morietur:

321 3824 346 3876 4.
358 3824 385 3875 in
397 3829 561 3892 peecatorum
572 3821 751 3874 remissionem
764 3823 823 3874 edit.
835 3821 950 3875 Etmerrt.

322 3908 395 3978 (Cap.
407 3909 528 3975 XXXV.)
554 3909 581 3962 V.
594 3909 688 3961 Conni.
703 3907 800 3959 Cartha
820 3924 862 3960 .t.
874 3908 964 3975 Pelaq.
977 3924 1034 3976 cap.
1050 3906 1074 3958 7.
1129 3906 1305 3974 1.110h.1,1.
1341 3910 1414 3963 2ῐο-

258 3977 320 4029 ritas
332 3984 371 4029 est
384 3981 443 4029 edit.
456 3977 570 4031 Elmerrlr.
623 3976 647 4028 3.
660 3975 721 4045 qula
733 3994 780 4027 uorr
793 3925 869 4027 latet
879 3978 940 4030 edit.
953 3975 1068 4029 Elmenl.

325 4045 546 4115 idapXXXi'l.)
571 4045 705 4098 [Coneil.
720 4043 843 4112 Cartlaq.
857 4044 956 4098 e.Pela
976 4062 1028 4099 .cu
1050 4042 1095 4099 ,8.
1150 4044 1172 4099 l.
1203 4048 1413 4101 eceattediffli·

256 4113 335 4164 nrenl.
386 4114 599 4178 2.Iac0b.111‚2.
651 4112 674 4165 3.
688 4118 714 4165 et
725 4132 771 4165 om.
784 4114 843 4165 edit.
856 4112 944 4165 Elmerr
965 4064 1157 4167 .-·llsulm.0
1231 4112 1276 4179 ,2.
1332 4116 1414 4171 llic·

256 4182 457 4249 cles.v11‚‘21.·
501 4182 525 4235 ἶ).
537 4181 591 4236 Iob.
603 4181 744 4246 XXXVII,
763 4181 786 4234 7.
839 4180 863 4235 6.
876 4181 968 4234 Dandel
980 4180 1030 4245 IX,
1047 4180 1072 4237 5.
1123 4182 1148 4237 I.
1162 4182 1286 4235 vivaciter
1298 4184 1359 4239 edit.
1370 4184 1413 4235 ΕΙ·

256 4250 361 4370 'gello'
389 4251 419 4307 ,8.
431 4251 522 4304 Daniel
534 4250 580 4315 lx,
593 4250 633 4303 ⁴20.
695 4250 718 4303 9.
731 4250 856 4320 quoniam
867 4252 926 4303 edit.
939 4250 1054 4305 Eiment.
1117 4250 1156 4303 10.
1168 4250 1344 4321 intelligerent
1355 4256 1411 4307 edit.

282 4320 370 4371 lmen.

324 4394 545 4467 (Gapxxxvll.)
570 4396 599 4451 V.
611 4395 706 4451 Coueil.
721 4396 845 4463 Carttnq.
858 4397 977 4466 ePelnq.
991 4414 1048 4469 cup.
1056 4394 1082 4449 9.
1125 4396 1147 4452 l,
1160 4400 1188 4450 et
1198 4398 1409 4453 meditemini.

324 4482 398 4551 (Gap.
410 4480 567 4550 XXXVIII.)
590 4482 619 4535 V.
630 4480 725 4534 Coreoil.
740 4481 916 4533 Aramiacem
927 4482 968 4535 11.
985 4484 1016 4536 de
1030 4484 1127 4536 Gratia
1142 4492 1167 4535 et
1182 4482 1277 4537 Libero
1294 4484 1409 4537 Arbitrio

257 4549 736 4683 {qqffir’qprptirpqogppqlqudeuediet.
753 4560 809 4603 tom.
821 4548 860 4613 X,
877 4550 996 4621 append.
1008 4570 1038 4621 p,
1050 4550 1126 4617 106.)
1137 4570 1197 4623 cap.
1208 4552 1233 4605 1.
1285 4552 1309 4609 l.
1321 4550 1407 4607 Faecl.
