3046 5124
538 363 577 405 nn
590 362 871 407 mansissemus
1239 362 1281 428 47

186 520 308 585 Marcus
324 526 429 584 eutem
444 519 571 603 quidam
590 527 662 606 post
681 524 777 585 istum
792 539 953 585 successor
967 519 1055 582 eius⁸
1067 536 1234 582 numerum
1248 521 1281 580 et
1297 530 1347 581 cn
1360 528 1426 569 ¹12st

122 644 302 688 mensuram
316 629 349 687 et
363 623 525 705 calculum,
540 626 692 688 rationem
707 626 802 687 etiam
821 622 1060 707 computationis
1074 621 1192 686 faciens
1206 618 1278 685 lits·

123 727 264 808 rarnmb‚
289 729 379 811 quasi
399 726 577 790 verisimihs
603 733 636 790 et
656 726 818 792 cuiusdam
837 727 882 789 rei
902 744 1001 790 nouae
1021 726 1182 804 inventor,
1207 743 1279 787 curn

124 831 304 893 aestimaret
323 851 342 892 a
359 828 551 912 quibusdam
571 849 604 893 se
624 850 717 914 posse
737 828 873 909 laudari,
892 848 956 893 non
975 829 1010 891 in
1029 847 1160 912 parvam
1172 825 1282 890 itidem

125 925 236 997 erroris
252 934 383 996 incurrit
398 933 576 996 amentiam.
599 931 684 996 Dicit
704 934 788 996 enim
808 933 867 994 ita:
893 930 1012 1013 Viginti
1027 935 1159 1013 quatuor
1174 928 1282 993 literae

124 1033 213 1118 suntf,
236 1055 315 1118 quae
336 1035 560 1120 perfectionem
573 1034 692 1099 habeut
706 1037 845 1101 omnium
859 1053 972 1097 rerum.
1007 1033 1139 1118 Propter
1154 1030 1236 1115 quod
1252 1036 1284 1093 et

124 1137 282 1218 Christus,
298 1139 414 1221 inquit,
431 1137 568 1202 dicebat:
588 1137 652 1220 Ego
674 1158 745 1201 sum
764 1136 791 1200 A
807 1142 838 1201 et
850 1132 911 1198 12⁰.
944 1135 1077 1201 Dicebat
1091 1137 1186 1198 stiam
1200 1131 1283 1216 quod

124 1242 158 1303 in
173 1245 330 1324 postremo
351 1247 490 1325 tempore
505 1240 646 1304 Christus
668 1238 876 1304 ldescendetd
896 1238 936 1302 ad
956 1238 1061 1302 Iesum
1080 1240 1115 1302 in
1134 1237 1233 1319 figura
1253 1240 1284 1299 et

124 1342 330 1406 simihtudiue
342 1341 513 1424 columbae,
528 1348 560 1405 et
571 1341 729 1407 Christum
742 1341 865 1426 ²ipsum
879 1340 1073 1405 columbam⁰
1088 1359 1157 1404 esse
1171 1338 1282 1402 ³doce·

125 1444 189 1525 bat,
204 1465 282 1528 quae
298 1444 475 1526 descendit,
489 1446 602 1528 inquit,
616 1444 656 1509 ad
671 1444 836 1509 duodecim
849 1445 984 1524 Aeonas,
999 1442 1032 1507 id
1047 1450 1096 1507 est
1110 1442 1151 1507 ad
1165 1440 1282 1506 duode-

126 1549 188 1611 cim
202 1547 375 1632 apostolos,
390 1553 422 1610 et
435 1567 533 1611 unum
548 1568 587 1611 ex
602 1550 647 1611 eis
663 1547 829 1629 cecidisse,
843 1547 877 1611 id
891 1553 939 1611 est
953 1545 1073 1627 Iudam,
1087 1543 1282 1610 aestimabat.

126 1649 283 1714 Christum
297 1656 402 1729 autern
415 1649 571 1735 putativef
589 1650 666 1715 dicit
679 1652 870 1735 apparuisse,
886 1657 918 1714 et
931 1669 1060 1734 passum
1074 1649 1171 1713 fuisse
1195 1648 1284 1731 quasi

125 1772 181 1837 per
195 1752 349 1834 umbram,
364 1774 427 1818 uon
442 1760 548 1817 temen
563 1773 634 1816 vero
649 1752 797 1838 ⁴passum
810 1772 938 1837 corpore
953 1751 1131 1816 arbitratur.

189 1855 264 1920 Post
277 1855 361 1921 huno
377 1854 603 1921 ¹Colorbasus²
622 1855 767 1920 similiter
786 1858 821 1920 in
840 1855 939 1919 hteris
955 1860 987 1919 et
1001 1869 1130 1920 numero
1145 1852 1283 1919 elemen-
1303 1877 1356 1928 cap.
1368 1874 1446 1916 usur.

123 1964 228 2023 torum
241 1965 456 2042 astrorumque
472 1965 593 2044 septem
607 1961 705 2023 vitam
720 1961 859 2022 omnium
869 1957 1052 2023 homiuumb
1067 1962 1099 2020 et
1109 1957 1283 2039 generatio·

123 2081 198 2125 nem
212 2064 383 2127 consistere
397 2061 568 2144 asserebat,
582 2081 646 2127 non
660 2063 694 2125 in
705 2061 821 2126 Christi
832 2061 995 2125 maiestate
1012 2064 1043 2123 ot
1063 2061 1213 2144 potentia,
1228 2078 1284 2123 ne-

125 2183 183 2247 que
199 2166 233 2229 in
248 2167 348 2249 ipsius
364 2164 482 2230 carnali
496 2165 674 2249 praesentia
693 2161 818 2228 ²veram
836 2163 1000 2228 hominum
1020 2163 1138 2246 sperari
1153 2161 1285 2226 salutem

125 2267 314 2335 advertebat.

189 2369 330 2433 cerdon*
344 2376 449 2433 autem
463 2369 591 2452 quidam
606 2370 742 2433 surrexit
755 2375 827 2452 post
840 2367 908 2448 hos,
923 2370 1012 2452 peius
1027 2368 1092 2431 suis
1107 2365 1286 2431 doctoribus
1304 2389 1354 2440 osu
1368 2387 1443 2428 xciv.

126 2470 328 2556 praedicans,
350 2474 403 2554 qui
425 2491 496 2535 cum
516 2474 654 2536 venisset
668 2471 800 2536 Romam
821 2471 858 2535 de
874 2469 979 2553 Syria,
1000 2489 1094 2534 ausus
1115 2475 1164 2533 est
1183 2469 1285 2534 dicere

126 2575 186 2640 duo
203 2595 271 2638 esse
292 2574 477 2659 principiab,
492 2573 525 2637 id
540 2579 588 2639 est
602 2594 700 2638 unum
715 2573 808 2637 deum
816 2572 940 2667 ¹bonurn
955 2578 989 2636 et
1000 2591 1099 2636 unum
1112 2571 1240 2654 malum,
1256 2578 1288 2636 et

193 2707 347 2778 capum.
359 2712 387 2760 in
399 2708 481 2765 Bato.
492 2713 642 2779 inscriptorum
654 2719 691 2762 est
701 2709 822 2764 Mauors.
834 2737 867 2748 -
893 2708 914 2761 l.
931 2705 1063 2762 descendit
1073 2726 1096 2760 c.
1119 2706 1143 2761 2.
1155 2706 1240 2779 ipsam
1253 2709 1287 2760 A.

126 2777 151 2830 3.
163 2776 265 2830 dicebat
277 2778 310 2828 A.
333 2775 358 2829 4.
370 2792 477 2849 passum
489 2778 642 2831 arbitratum
655 2780 688 2831 A.
1223 2813 1224 2816 κ

194 2845 256 2915 Cap.
268 2845 360 2898 XLIII.
384 2849 404 2896 'o
417 2845 483 2898 Bab.
496 2844 603 2904 Bassus.
616 2852 643 2898 in
655 2866 676 2899 c.
690 2846 860 2900 Concasssvs
872 2848 1021 2914 inscriptum
1033 2854 1076 2897 est.
1086 2874 1120 2884 —
1134 2844 1156 2897 1.
1166 2842 1288 2897 Colorba·

127 2932 171 2968 sus
181 2933 211 2978 c.‚
222 2933 252 2965 ex
261 2916 383 2966 emendat.
396 2913 487 2965 Latini
498 2914 607 2967 latinii.
625 2915 780 2969 Colorbasus
793 2915 838 2984 qui
846 2914 879 2966 A.
891 2912 1025 2966 C.Bassus
1036 2915 1134 2982 reliqui.
1152 2912 1176 2966 2.
1185 2913 1288 2966 vorari.

194 2982 257 3053 Cap.
269 2982 360 3036 XLIV.
373 2986 400 3034 ic
414 2982 495 3035 Babc.
506 2986 657 3053 incomptum
669 2994 706 3036 est
716 2983 833 3037 Crunos.
846 3011 880 3021 ·-

160 3119 351 3190 Cnp.XLlI.-
362 3135 386 3172 a.
398 3119 606 3190 successoreius]
618 3120 683 3175 Vide
734 3119 828 3188 basus]
854 3117 895 3170 Ita
911 3117 980 3189 apud
996 3116 1163 3172 Phdastrium
1179 3131 1236 3172 esse
1253 3120 1289 3172 Ie·

127 3206 192 3260 qnae
204 3189 237 3242 ad
248 3195 327 3259 caput
336 3187 455 3258 superius
466 3189 598 3241 annotavi.
608 3189 683 3241 Hunc
753 3187 849 3241 endum
868 3202 914 3256 pro
936 3186 964 3238 C.
985 3185 1095 3250 Bosana,
1115 3188 1169 3241 iarn
1188 3187 1288 3258 pridem

125 3259 313 3311 Marcumoum
326 3256 471 3311 Marcolon
491 3256 683 3310 eiuuiorePri·
733 3204 842 3313 Latinus
853 3255 971 3309 Latinius
981 3260 1050 3308 recte
1061 3257 1202 3310 annotarit.
1256 3255 1290 3309 od

127 3327 279 3379 soilliauista
301 3325 437 3379 confundit
480 3324 682 3394 .Hieronymus
733 3325 851 3379 Nicetam
866 3323 910 3378 IV.
922 3323 946 3376 7.
962 3325 1032 3377 male
1044 3323 1203 3378 Colodcrecr.
1247 3341 1290 3378 ae-

125 3394 207 3464 Epist.
219 3395 260 3447 29.
278 3400 304 3446 et
315 3394 349 3447 ad
360 3392 453 3446 Esaiae
464 3392 682 3453 LXIV.futuota·
733 3399 818 3446 terum
837 3410 889 3447 uon
910 3398 974 3462 post
988 3393 1106 3446 Murum
1125 3393 1219 3458 fuisse,
1243 3393 1290 3446 sed

126 3465 164 3514 rit
175 3463 317 3515 CotsIerius
335 3463 367 3515 ad
380 3461 529 3533 Constituit.
541 3462 682 3532 Apostolio.
734 3462 819 3516 eidem
837 3461 978 3531 praeivisse
995 3460 1165 3515 Colorbasum
1184 3467 1289 3515 conten·

127 3530 169 3584 VI.
181 3531 205 3583 8.
228 3531 286 3596 (F.)
734 3532 772 3584 dit
783 3531 860 3584 Hem.
871 3529 1018 3583 Dodwellus
1035 3529 1096 3583 diss.
1110 3531 1143 3584 ad
1154 3529 1289 3583 Irenaeum

161 3599 189 3649 b.
203 3599 402 3668 computationis
411 3599 554 3669 literarum]
573 3598 683 3669 Copiose
733 3617 759 3670 p.
772 3598 829 3652 326.
841 3613 896 3669 aeq.
915 3597 1001 3668 [Neqss
1107 3615 1210 3668 semper
1225 3603 1290 3650 iem·

128 3664 160 3716 de
170 3663 212 3717 his
223 3667 304 3719 Marci
315 3667 397 3737 gerris
408 3665 568 3737 Epiphanius
582 3665 684 3720 haeresi
733 3667 805 3738 poris
824 3673 865 3720 est
884 3673 959 3732 nota,
1089 3667 1159 3737 apud
1177 3666 1290 3719 Graecos

127 3733 177 3796 34„
189 3749 224 3813 ex
236 3733 333 3788 Irenaei
345 3737 389 3789 lib.
404 3737 426 3788 l.
439 3753 460 3789 c.
475 3736 513 3789 10.
525 3752 580 3808 seq.
596 3741 623 3789 et
634 3737 683 3789 riri
735 3735 959 3806 parhidemsaepe
968 3740 1013 3789 eat·
1069 3735 1086 3788 d
1093 3744 1207 3816 praeter.
1232 3733 1290 3798 (F.)

128 3801 393 3856 doctradhcnaeum.
422 3805 480 3869 (F.)
768 3806 793 3858 b.
810 3805 892 3857 vitam
903 3805 1020 3858 omnium
1048 3803 1182 3922 ommump
1218 3807 1291 3855 ustor

162 3886 183 3923 r.
201 3869 258 3938 Ego
273 3886 332 3922 snm
343 3873 363 3922 Λ
375 3871 446 3940 etii]
464 3873 570 3943 Apocai.
583 3872 603 3925 Ι.
616 3872 640 3925 8.
733 3872 921 3927 Praedestiuati
940 3888 997 3943 cap.
1019 3872 1059 3925 15.
1083 3871 1116 3925 de
1136 3869 1173 3924 Co
1184 3870 1290 3923 orbano:

161 3939 186 3993 d.
204 3938 347 4005 descendit]
364 3938 406 3992 Ita
419 3942 511 4013 scripsi
522 3959 568 4022 pro
582 3944 683 3994 dercon·
736 3981 748 4004 ‚,
758 3943 842 3995 Vitam
853 3959 947 3993 omnem
958 3941 1082 3993 hominum
1092 3943 1120 3990 in
1131 3947 1224 4008 σφω»
1234 3941 1291 3992 atel·

129 4011 170 4061 det
204 4006 256 4060 uod
273 4011 329 4059 erat
343 4007 435 4062 vitiose
450 4010 478 4062 iu
488 4010 619 4081 prioribus
631 4010 683 4063 edi·
735 4012 951 4080 lesemporitcm
966 4008 1126 4077 affirmator,
1143 4007 1228 4059 ethus
1239 4025 1291 4060 ease

127 4023 261 4156 tionifhtrs.¹
276 4074 333 4140 (F.)
734 4089 826 4149 reptem
844 4079 966 4131 ecclesias
983 4085 1008 4128 ct
1022 4085 1115 4144 septam
1132 4076 1291 4129 candelabro

161 4163 184 4198 e.
202 4143 334 4197 Christum
350 4145 508 4214 columbam]
525 4148 684 4218 Hooprohc·
736 4166 818 4200 aurea
831 4146 973 4199 conabatur
984 4144 1140 4196 amorum?
1171 4143 1229 4209 (F).

130 4216 173 4267 bat
182 4215 285 4266 Marcus
294 4230 328 4265 ex
337 4230 376 4277 eo,
389 4213 459 4282 qnod
467 4231 502 4268 ex
512 4215 593 4269 literis
603 4216 683 4270 Grae·
770 4217 833 4285 Cap.
849 4213 941 4268 XLIV.
956 4243 990 4252 -
1009 4228 1034 4264 a
1051 4210 1151 4267 Cerdon
1191 4211 1221 4266 In
1238 4213 1293 4266 rita

127 4284 165 4336 ois
176 4283 296 4335 vocabuli
307 4279 526 4352 acprorspr'r‚quae
537 4286 684 4338 columbam
737 4283 864 4354 Stephani
884 4281 995 4334 iunioris
1017 4279 1138 4349 Kspdosrir
1177 4281 1292 4335 ,4.Μο-

128 4351 268 4420 significat,
289 4350 374 4420 prodit
389 4367 513 4404 uumerus
533 4352 599 4417 801„
615 4354 684 4406 idem
736 4349 1011 4406 numentanCotelerii
1037 4347 1293 4420 .441.InSophronii

129 4420 328 4542 sundri
338 4420 508 4541 ”uun
519 4419 625 4554 ‘itu
633 4422 684 4476 1‘0·
736 4365 1202 4552 Erist·thstdur³⁶·ffl·.
1217 4418 1292 4552 θῇ·

130 4506 145 4540 n
357 4505 581 4542 ..e..
735 4504 983 4542 um..o
1114 4504 1234 4547 τος..

338 4506 361 4610 h
770 4558 796 4610 b.
814 4556 865 4610 duo
881 4505 1187 4626 principialtieurhsdius
1201 4556 1234 4610 de
1244 4555 1291 4610 Ec·

162 4557 181 4609 i.
197 4558 330 4682 puffl
363 4555 606 4628 uprao.32.p.68.
979 4625 985 4637 ⁶

162 4625 226 4695 Cap.
346 4657 380 4669 -
394 4642 420 4680 a.
436 4625 499 4684 Post
510 4623 580 4681 huno
596 4625 684 4684 Color·
736 4626 849 4683 clesiast.
863 4624 1036 4695 Dogmatrbus
1051 4624 1164 4696 paphi.
1181 4627 1239 4690 „oet
1251 4643 1290 4678 ce-
