3046 5124
241 339 303 405 378

242 491 376 544 catholicos
387 490 559 559 rebaptizari:
576 507 606 541 ne
623 493 745 558 confessio
763 501 788 543 et
797 493 925 543 invocatio
937 495 1003 545 tanti
1013 494 1120 543 somna
1130 492 1254 544 videatur
1265 490 1399 543 annullari.

240 561 322 612 Autor
334 560 365 611 de
377 558 428 610 ilde
440 558 473 610 ad
484 559 588 611 Petrum
600 557 745 611 Diaconum
756 558 864 628 capllI.
880 558 940 611 Siue
950 562 977 609 in
990 557 1195 628 carboliocfide3
1206 562 1260 611 sire
1270 558 1401 611 inhaereri

241 646 386 697 qrrocrnrpne
397 628 438 679 rel
448 633 475 679 in
486 627 621 679 schismate
633 632 761 695 quisquam
773 631 801 677 in
813 630 908 679 nomine
917 633 1006 696 patris
1017 628 1100 695 etfilr'i
1110 637 1159 679 ets
1178 631 1254 680 iritua
1264 630 1350 679 sancti
1360 627 1398 677 bc·

239 700 326 777 ptisrni
337 706 523 747 sacramentnm
536 699 673 762 occeperit,
685 699 808 760 inteprum
819 706 1005 747 sacramentum
1016 713 1078 747 acce
1097 700 1124 747 n.
1191 696 1245 747 avit
1253 696 1341 763 Igitur,
1352 695 1399 747 imo

240 764 365 817 msauiuit
374 764 534 833 Agrippinas
547 762 717 831 (Nicephorus
730 761 852 815 Callistus
864 764 953 815 eccles.
962 762 1052 817 histor.
1061 714 1105 816 hb.
1116 762 1159 817 l'l.
1171 779 1195 815 c.
1204 762 1261 815 vll.
1272 780 1400 833 perperam

240 831 317 885 huius
332 832 424 885 erroris
439 832 552 900 primum
573 837 689 883 autorem
705 831 768 883 iacit
779 830 950 911 Cyprianum)
968 829 1180 899 carthaginensis
1192 832 1344 951 episcopus,
1360 832 1400 889 cui

240 902 339 971 primus
352 901 470 952 omnium
481 900 639 962 mortalium,
655 904 745 951 contra
760 900 876 951 diurnum
888 915 1015 952 canonem
1026 909 1053 952 et
1063 900 1221 953 universalis
1233 900 1355 953 eccesiae
1365 916 1400 951 rs-

241 970 337 1039 gulam,
355 968 566 1038 rebaptizandum
578 984 635 1019 esse
647 969 755 1019 censuit.
790 966 862 1031 Quae
874 968 930 1019 eius
960 969 1117 1037 raesumptie
1134 984 1187 1021 nou
1200 968 1288 1021 solum
1299 966 1400 1021 haereti·

241 1039 278 1090 cis
291 1037 410 1089 omnibus
423 1036 534 1089 formam
545 1036 683 1104 sacrilegii,
696 1036 741 1087 sed
753 1036 831 1088 etiam
843 984 998 1117 quibusdam
1010 1034 1144 1089 catholicis
1155 1036 1400 1157 occasioueffise·

242 1106 298 1159 buit
309 1106 409 1158 erroris.
444 1104 510 1157 Nam
523 1110 639 1173 tempore
652 1103 764 1157 Cornelii
775 1104 823 1156 Pl'.
835 1120 921 1157 ursum
934 1111 975 1156 est
983 1103 1186 1174 cyprensem
1197 1104 1281 1157 terme
1369 1103 1399 1159 X.

241 1174 370 1244 episcopis
388 1173 441 1225 suis
459 1171 639 1224 Africanarum
656 1173 836 1236 ecclesiam,
859 1190 952 1223 omnen
969 1172 1105 1235 bominem,
1126 1176 1171 1242 qui
1186 1182 1263 1225 estro
1285 1174 1401 1225 ecclesiae

241 1244 385 1295 catholicoe
402 1245 593 1293 communionem
610 1242 643 1292 ba
662 1244 753 1292 tinctus
762 1245 866 1308 fuisset,
878 1249 993 1309 oportere
1009 1243 1047 1293 od
1061 1242 1196 1293 ecclesiane
1208 1244 1346 1294 uenientem
1362 1242 1400 1293 de·

241 1330 288 1362 nuo
300 1312 438 1379 baptisari.
467 1310 619 1361 Vincentius
636 1258 778 1361 birinensis
796 1314 886 1361 corrtra
896 1307 996 1361 haeres.
1008 1326 1038 1361 ca
1057 1348 1063 1361 .
1075 1308 1123 1363 IX.
1141 1308 1308 1377 Augustinus
1319 1308 1350 1362 de
1360 1310 1401 1361 ba·

241 1381 336 1449 ptismo
348 1384 439 1430 contra
445 1377 596 1429 Donatistae
608 1378 652 1430 lib.
658 1376 677 1428 1.
687 1392 708 1428 c.
716 1376 808 1430 XVIII.
815 1377 859 1428 lib.
866 1376 889 1429 3.
896 1393 917 1430 c.
924 1376 983 1428 XII.
995 1376 1027 1428 ad
1038 1326 1285 1447 iincentiumepist.
1291 1376 1401 1429 XLVIII

241 1454 331 1500 contra
341 1445 461 1499 Crescou.
473 1445 616 1498 Gramnrat.
629 1445 674 1499 lib.
689 1445 711 1496 1.
724 1461 746 1497 c.
759 1444 872 1497 XXXII.
884 1446 929 1497 lib.
941 1444 965 1495 2.
978 1462 1000 1497 c.
1011 1444 1161 1499 XXXVIII.
1172 1444 1217 1497 lib.
1236 1446 1262 1499 3.
1275 1461 1298 1499 c.
1310 1444 1330 1497 1.
1346 1444 1401 1499 Ilie-

240 1533 340 1585 ronym.
355 1514 479 1566 adversus
490 1514 645 1565 Luciferian.
658 1529 680 1566 c.
688 1512 712 1563 8.
731 1512 750 1565 G
787 1514 876 1565 rianus
888 1512 920 1564 ad
932 1512 1059 1575 Quintum
1071 1514 1146 1582 epist.
1152 1512 1250 1569 LXXI.
1262 1513 1296 1566 ad
1307 1512 1402 1567 lubain-

242 1601 305 1637 nuu1
317 1584 391 1652 epist.
403 1581 445 1636 73.
458 1582 491 1633 ad
503 1583 629 1649 Magnum
641 1582 715 1649 epist.
728 1581 759 1632 L.
789 1580 858 1635 'l'lL
893 1580 944 1633 Sed
956 1581 1026 1649 quod
1037 1582 1103 1633 tanti
1114 1582 1202 1633 meriti
1214 1588 1240 1633 et
1251 1586 1340 1633 tantas
1356 1582 1402 1633 rir-

241 1653 304 1704 tutis
317 1652 462 1721 episcopus,
481 1650 512 1701 do
525 1650 653 1718 baptismo
666 1650 739 1701 aliter
751 1650 869 1713 senserit,
881 1665 961 1718 quam
971 1655 1027 1701 erat
1036 1648 1162 1718 inquisita
1176 1649 1329 1719 diligendus
1341 1650 1402 1701 veri·

241 1728 282 1771 tas
296 1720 443 1781 firmatura,
461 1719 575 1770 caritatis
586 1718 705 1769 ubertate
716 1724 926 1814 compensatum,
944 1724 970 1769 et
985 1718 1114 1786 passionis
1122 1718 1193 1771 iales
1205 1724 1346 1797 purgatum
1358 1728 1402 1781 est,

241 1794 271 1841 ut
283 1788 320 1840 ait
330 1788 470 1853 Augustin.
482 1786 539 1839 loco
552 1791 712 1855 praenotato,
725 1792 750 1837 et
761 1786 773 1837 1
783 1791 829 1838 etr.
841 1784 980 1839 Lombard.
993 1790 1104 1838 sentent.
1115 1786 1160 1838 lib.
1172 1786 1198 1837 4.
1209 1784 1326 1839 distinct.
1338 1784 1362 1841 6.

293 1854 484 1908 confirmentur
503 1871 597 1906 manus
620 1854 797 1923 impositione]
822 1853 950 1907 Eusebius
965 1852 1013 1907 PP.
1029 1852 1050 1907 l.
1074 1853 1175 1923 epistol.
1191 1852 1212 1907 1.
1233 1853 1355 1907 decretali
1371 1854 1402 1907 ad

243 1924 344 1977 Galliae
361 1924 473 1993 episcop.
490 1929 552 1975 tum.
565 1923 584 1975 Ι.
614 1922 712 1977 Concil.
728 1922 773 1976 tol.
787 1921 844 1975 209.
882 1922 958 1982 Quod
971 1924 1137 1990 desipiscens
1185 1924 1216 1975 id
1230 1924 1263 1975 de
1281 1926 1403 1975 conuersis

242 1992 447 2060 haeretic-infieri
458 1993 593 2053 debuisset,
605 1995 694 2043 scitote
706 2009 750 2041 rroa
761 2007 809 2053 eos,
822 1993 866 2059 qui
876 1994 903 2041 in
914 1988 941 2042 S.
953 1994 1078 2041 trinitatis
1082 1992 1137 2059 fide
1164 1994 1277 2059 replicati
1286 2001 1350 2053 sunt,
1389 2008 1403 2041 r

241 2065 430 2180 r'mpositr‘oncpp3
436 2063 670 2180 rrpapuglepsccpere.
705 2058 763 2113 lid.
779 2058 872 2111 IustIu.
888 2058 996 2127 Martyr.
1013 2058 1041 2111 in
1057 2058 1203 2128 quaestion.
1219 2058 1254 2111 ad
1271 2057 1345 2113 oriho
1362 2075 1402 2131 op.

259 2130 385 2182 uaestiou.
416 2130 440 2179 ‘.
462 2146 496 2180 o.
559 2170 565 2182 .

242 2146 259 2200 q
292 2198 322 2250 si
351 2198 433 2249 arvuli
444 2203 513 2257 sunt,
525 2195 700 2265 respondeant
716 2212 762 2264 pro
779 2194 831 2247 illis
849 2194 894 2264 qui
913 2212 959 2248 eos
975 2194 1098 2261 offerunt]
1124 2194 1267 2265 Augustis.
1279 2194 1311 2249 de
1321 2194 1402 2249 verbis

241 2215 481 2387 subbullit
498 2264 569 2385 Xib
587 2264 626 2384 di
640 2264 925 2385 necatorupxplrpu
939 2263 1259 2387 i²v³bl¹²⁸⁸³⁰¹¹⁹t⁰b¹¹vii
1273 2262 1322 2385 pp
1356 2266 1402 2343 '¹³’

251 2353 286 2387 r.
312 2354 351 2386 .c.
483 2349 515 2384 .a
569 2349 796 2385 onracmmers.
899 2348 938 2385 ,a
994 2348 1148 2401 remeprs
1247 2372 1254 2385 .
1393 2360 1402 2373 ·

242 2404 290 2455 dus
309 2402 401 2455 Strabo
419 2401 451 2453 de
469 2402 545 2453 relius
563 2401 705 2453 ecclesiast.
722 2350 753 2451 oi)
760 2400 845 2454 XXV.
879 2400 1002 2453 Rabanus
1019 2400 1125 2453 blaurus
1143 2400 1175 2453 de
1191 2400 1275 2454 instit.
1293 2402 1401 2455 clericor.

241 2472 286 2524 lib.
298 2471 317 2523 I.
330 2488 352 2524 c.
363 2469 461 2523 XXVI.
496 2468 588 2521 Petrus
604 2468 764 2522 Lombardus
779 2474 889 2521 sentent.
901 2468 945 2520 lib.
957 2467 1000 2521 IV.
1012 2468 1124 2521 distinct
1134 2468 1176 2521 vl
1213 2470 1403 2523 tlsnctiodba·

237 2546 357 2611 ptismurn
369 2543 493 2590 uenientes
498 2541 577 2606 fidem
585 2556 656 2589 suam
664 2540 784 2606 profiteri
795 2538 893 2599 debent,
906 2547 931 2589 et
942 2554 1065 2606 seponere
1076 2538 1139 2606 quid
1144 2540 1284 2606 petendum
1296 2542 1404 2591 seuvini

243 2612 280 2661 ad
290 2610 432 2661 ecclesiane.
452 2606 526 2667 Quod
540 2610 564 2657 si
581 2607 683 2658 adsultus
696 2615 739 2667 est,
748 2624 799 2674 pro
810 2623 837 2657 se
847 2606 989 2673 respondet,
1001 2624 1028 2657 ae
1040 2608 1145 2657 credere
1161 2610 1314 2725 inpetrent,
1324 2608 1404 2675 filiu·

242 2688 267 2730 et
276 2681 393 2746 spiritum
404 2685 527 2730 sanctum.
544 2674 575 2726 sn·
586 2683 668 2726 nutem
676 2676 856 2743 praeclareat,
869 2692 917 2725 non
928 2675 1017 2726 solerie
1027 2676 1132 2727 credere
1143 2675 1184 2725 rel
1203 2678 1270 2743 oqui,
1282 2676 1404 2745 aliuepro

242 2765 270 2799 ω
281 2745 580 2882 ribbbbeinposinonep
612 2810 763 2864 Tertulliau.
779 2809 811 2864 de
822 2808 954 2880 baptismo
972 2826 994 2863 c.
1006 2809 1074 2865 vul.
1107 2808 1234 2865 Rabauus
1250 2812 1359 2865 Maurus
1375 2812 1404 2865 de

241 2883 352 2937 institut.
364 2882 515 2934 clericorum
527 2881 571 2933 lib.
583 2879 602 2933 l.
615 2896 638 2935 c.
650 2878 740 2932 XXX.

293 2949 437 3003 Chrismate
449 2950 613 3016 communiti]
630 2947 773 3018 Cyprianus
786 2946 984 3016 Carthaginensi.
997 2948 1112 3019 episcop.
1123 2944 1209 3001 LXX.
1230 2948 1300 3017 b'npi
1310 2964 1405 3001 necem

243 3029 280 3072 est
290 3037 343 3071 earn
361 3023 404 3085 pni
415 3020 560 3087 baptisatus
571 3022 617 3079 sit,
635 3026 663 3067 ut
679 3025 784 3085 accepto
800 3015 938 3069 chrismate
954 3033 1008 3069 ease
1024 3024 1114 3067 unctus
1131 3019 1186 3081 dei,
1200 3016 1333 3071 etbabere
1344 3022 1405 3069 isse

244 3088 344 3139 Christi
378 3091 474 3139 ration
508 3091 576 3138 ossit.
611 3086 760 3137 Tertulliani.
781 3084 812 3138 de
833 3084 963 3154 baptismo
985 3101 1007 3138 c.
1025 3083 1080 3138 vu.
1115 3084 1221 3155 Origen.
1236 3086 1265 3139 in
1282 3084 1405 3139 Ezechiel.

242 3173 263 3208 c.
275 3155 346 3208 XVI.
358 3106 448 3208 bornil.
461 3105 506 3207 Vb.
539 3154 589 3208 Cor
608 3170 638 3206 us
656 3152 753 3208 Canon.
770 3152 883 3208 distinct.
895 3152 938 3207 IV.
956 3153 988 3207 de
1003 3159 1146 3207 consecrat.
1179 3152 1361 3207 Damasceuus
1375 3152 1406 3207 ds

242 3224 293 3277 fide
306 3222 441 3276 orthodox.
453 3224 498 3276 lib.
509 3224 534 3277 4.
547 3239 569 3275 c.
581 3172 616 3275 X.

292 3290 469 3344 Eucharistiae
486 3291 617 3358 mysteriis
637 3290 818 3357 admittentur]
842 3289 1025 3343 Ecclesiastica
1040 3290 1110 3344 enirn
1125 3290 1288 3345 cousuetudo
1304 3307 1358 3346 uon
1368 3306 1406 3345 re·

241 3361 311 3414 natis
324 3377 357 3412 ex
370 3375 438 3429 aqua
449 3365 474 3410 et
486 3360 578 3429 spiritu
589 3377 642 3411 uon
656 3359 735 3411 tradit
745 3376 775 3412 co
808 3375 840 3411 us
852 3356 955 3411 Christi.
976 3358 1048 3412 Beda
1059 3360 1087 3413 in
1097 3359 1197 3413 Lucam
1207 3360 1254 3414 lib.
1262 3360 1307 3415 lv.
1318 3376 1341 3413 c.
1350 3360 1406 3415 XV.

242 3430 269 3483 iu
300 3429 426 3481 uasstiou.
438 3444 516 3498 super
527 3427 622 3480 librum
634 3428 737 3496 Regum
748 3444 771 3480 c.
811 3425 992 3481 VLinlohau.
1005 3428 1049 3480 lib.
1064 3425 1195 3481 tnnc
1232 3428 1348 3483 meuse
1366 3430 1406 3481 ist.

317 3497 335 3550 l.
353 3497 491 3567 Augustis.
503 3496 531 3549 iu
541 3496 628 3548 lohan.
638 3502 711 3548 tract.
721 3496 745 3548 ⁸2.
757 3496 789 3549 de
801 3496 835 3548 ba
853 3496 932 3548 tismo
944 3502 1034 3549 contra
1046 3496 1196 3550 Donatistae
1218 3498 1252 3551 ub.
1261 3496 1295 3549 II.
1306 3512 1330 3551 c.
1366 3496 1407 3551 tv.

244 3574 333 3620 contra
343 3565 474 3635 Pelagiau.
486 3566 531 3617 lib.
542 3564 563 3619 l.
576 3581 597 3616 c.
609 3565 667 3618 XV.
703 3562 815 3633 tyrillus
831 3514 958 3618 blerana.
975 3565 1002 3616 iu
1013 3562 1102 3618 Iohau.
1118 3564 1163 3619 lib.
1173 3564 1235 3619 XII.
1245 3582 1269 3619 c.
1281 3564 1312 3620 l..
1345 3566 1407 3619 Pro·

244 3636 354 3687 bibemus
367 3655 384 3687 α
396 3639 565 3686 sacramentis
577 3632 776 3695 catechumenos,
788 3637 903 3703 quaomnia
914 3638 1045 3685 ueritatem
1056 3638 1110 3686 iam
1121 3638 1292 3703 coprrecerc'ni,
1303 3636 1407 3703 etfidea

243 3722 338 3771 mapsa
349 3722 410 3756 voce
422 3706 602 3771 carpitenntur:
614 3706 674 3771 qnia
687 3704 794 3753 nondum
806 3703 954 3770 locupletati
963 3705 1058 3771 spiritu
1069 3712 1158 3755 sancto
1169 3712 1239 3767 sust,
1251 3706 1298 3773 qui
1308 3702 1408 3757 habitat

244 3777 269 3823 in
282 3776 323 3835 iis,
336 3777 379 3841 qui
390 3774 541 3841 baptismate
553 3773 723 3823 consummati.
756 3769 826 3822 Unde
837 3788 911 3839 pum
922 3770 1072 3839 baptismum
1083 3788 1141 3823 rece
1194 3776 1239 3835 nt,
1289 3774 1320 3823 ie
1330 3776 1408 3854 spiri·

244 3851 284 3893 tus
295 3851 398 3893 senectus
409 3840 528 3892 trabiture
540 3843 568 3891 in
579 3840 632 3892 illie
644 3840 766 3901 creditur,
779 3858 797 3891 a
809 3848 879 3891 tuctu
890 3848 916 3891 et
926 3842 1094 3891 communione
1104 3858 1136 3892 aa
1147 3844 1231 3893 utaris
1242 3790 1342 3891 (ζωὴ
1353 3858 1408 3893 cor·

239 3913 314 3979 poris
326 3927 374 3961 non
382 3908 556 3977 prohihentur.
586 3909 691 3959 Idcirco
709 3915 732 3959 et
743 3907 922 3959 accedentibus
937 3909 975 3961 od
985 3908 1180 3961 berredictionesr
1190 3912 1325 3975 mysticam
1337 3911 1407 3961 nisi·

243 3981 292 4029 etri
303 3980 416 4044 mysterii
421 3996 515 4044 rnoqnc
526 3994 584 4027 uoce
593 3978 714 4037 clamant,
726 3986 819 4027 sarecto
828 3979 939 4029 narretis:
950 3977 1012 4027 solis
1020 3978 1302 4046 sanctificatisapiritu‚
1314 3986 1408 4029 tactust

243 4057 268 4098 et
286 4048 513 4113 reincipiendum
529 4050 645 4113 corporis
662 4044 758 4096 Olrisn'
780 4062 918 4111 conpr-uere
939 4046 1119 4112 aipnificantee.
1152 4042 1209 4097 Imo
1225 4050 1328 4097 veteres
1343 4044 1409 4097 lanii

243 4113 359 4167 iecerunt
369 4112 418 4165 hoc
430 4120 621 4165 sacramentum
634 4120 662 4165 ut
678 4130 711 4165 ne
723 4112 756 4163 ad
772 4112 959 4181 inspectionem
979 4112 1083 4181 quidem
1098 4114 1155 4165 eius
1175 4112 1344 4165 admitterent
1358 4112 1409 4167 uisi

243 4182 333 4234 fideles
350 4188 375 4233 et
392 4182 542 4250 baptizatos.
578 4179 650 4233 Unde
673 4186 773 4233 etanta
790 4182 1011 4234 consecrationem
1029 4181 1100 4234 exire
1115 4181 1272 4235 iubebantur
1290 4181 1409 4233 catechu-

243 4254 320 4313 meni,
338 4254 498 4314 enerpunreni
514 4256 539 4301 et
556 4254 718 4318 poern'tcntes.
759 4250 919 4315 Micrologus
936 4249 968 4302 de
989 4250 1117 4305 observat.
1132 4250 1278 4303 ecclesiast.
1293 4266 1351 4321 cap.
1367 4248 1409 4303 ld.

243 4328 307 4372 tom.
320 4319 363 4371 ll'.
376 4315 521 4371 bibliothec.
551 4327 645 4370 atrum.
662 4318 794 4371 Maximus
805 4315 949 4370 Monachus
960 4318 988 4370 in
999 4318 1163 4389 expositione
1170 4316 1306 4389 liturgiae
1317 4334 1340 4373 t.
1351 4318 1409 4373 XV.

244 4393 270 4439 et
281 4386 350 4439 Xl'l.
368 4386 489 4438 Nicolaus
502 4335 622 4439 Cabasila
637 4386 729 4455 interp.
745 4388 773 4439 in
789 4386 905 4439 urinum
921 4386 1078 4439 sacrificium
1095 4402 1116 4439 c.
1127 4384 1227 4441 XXIII.
1262 4386 1409 4441 Germanus

244 4455 452 4524 archiepiscopus
469 4453 692 4523 Constantinopol.
705 4471 790 4508 rerum
806 4454 947 4507 ecclesiast.
960 4454 1060 4509 theoria
1069 4456 1116 4511 fol.
1129 4452 1187 4509 678.
1199 4454 1258 4509 tls.
1294 4454 1409 4509 Guilhsl·

244 4540 303 4575 mus
314 4524 446 4576 Durantus
458 4522 597 4575 Minatcns.
606 4523 731 4576 ecclesiae
743 4524 830 4593 episco
850 4522 895 4575 ‚in
904 4523 1024 4576 rationali
1035 4524 1144 4577 divinar.
1152 4522 1301 4577 officiorum
1311 4524 1358 4578 lib.
1367 4522 1409 4579 lv.

244 4590 289 4646 iol.
301 4592 342 4644 ili.
354 4592 399 4643 lib.
413 4590 453 4643 l'l
465 4590 510 4643 iol.
523 4590 644 4644 CXXIX
670 4590 792 4645 hibertus
837 4606 923 4661 agnus
932 4592 1066 4647 Ratisbou.
1078 4592 1192 4663 episcop.
1203 4592 1236 4647 tle
1247 4592 1336 4647 cilicio
1346 4592 1408 4647 ruis·
