3046 5124
288 357 349 423 298
718 355 1005 413 senune-urnsoum

288 519 393 577 tamen
404 520 515 577 'omnes
531 532 568 576 ee
581 512 738 577 voluntate
755 518 858 594 uocet,
877 520 912 576 ut
931 533 1039 577 omnes
1059 516 1230 595 sequantur
1250 511 1435 574 ¹vocentem.

289 614 351 679 Sed
366 636 423 679 nec
439 634 562 697 omnes,
584 619 636 698 qui
650 618 717 701 ipso
733 618 904 700 inspirante
920 615 1069 681 obediunt
1083 615 1255 695 vocationi,
1277 611 1437 677 ²dicuntur

289 721 428 802 occipere
443 719 615 802 exequendi
630 721 663 781 in
678 719 757 783 bono
773 739 865 803 opere
880 720 1154 803 perseverentiam,
1170 717 1226 781 sed
1240 722 1315 801 post
1328 713 1437 779 multoe

290 821 409 885 labores
430 827 461 883 et
479 823 614 884 iustitiae
635 821 753 884 fructus
774 824 802 885 si
822 842 884 885 non
904 826 979 884 sunt
997 820 1036 883 de
1058 819 1281 883 salvandorum
1302 837 1439 898 numero,

289 921 515 987 subtrahendas
530 924 575 986 eis
590 925 671 986 vires
687 923 808 1005 egendi,
823 943 861 986 ne
877 922 1046 1008 perdurent
1059 924 1092 986 in
1106 923 1199 1003 bono,
1213 926 1275 984 ete
1289 922 1439 986 contrario

288 1025 358 1089 illos
374 1027 426 1108 qni
441 1024 664 1108 praedestinati
680 1031 753 1088 sunt
768 1025 807 1089 ud
821 1027 919 1089 vitam
933 1030 1102 1106 aeternum,
1118 1026 1213 1088 etium
1228 1025 1301 1088 siin
1313 1022 1441 1108 perfidis

289 1127 338 1192 vel
354 1128 387 1190 in
407 1130 490 1191 omni
509 1147 621 1209 genere
641 1130 759 1211 peccati
780 1127 871 1210 louge
890 1134 1029 1212 tempore
1048 1126 1242 1207 volutentur,
1261 1132 1440 1211 accepturos

289 1232 483 1294 occasionem
498 1236 605 1313 quaet
620 1229 748 1293 eredunt
768 1232 801 1292 in
821 1230 914 1293 deum
934 1235 966 1293 et
985 1230 1157 1294 secundum
1176 1228 1227 1292 dei
1242 1217 1441 1313 praeceptum

289 1335 406 1413 vivont,
422 1338 453 1395 ct
467 1332 647 1416 possideant
661 1335 842 1396 societatem
857 1334 1017 1397 iustorum.
1040 1331 1110 1396 Tali
1124 1330 1328 1396 ³definitione
1344 1331 1377 1395 id
1388 1329 1440 1395 do·

290 1456 359 1499 cere
380 1435 521 1515 student,
544 1434 625 1518 quod
646 1434 722 1497 deus
742 1455 890 1518 personas
910 1434 1071 1500 hominurn
1090 1436 1239 1520 occipiat,
1262 1433 1348 1517 quod
1368 1431 1441 1497 ulios

291 1541 384 1601 etiem
399 1537 514 1600 invitos
529 1543 600 1620 post
614 1537 711 1600 multe
725 1536 807 1599 mala
822 1558 916 1622 opera
926 1537 1062 1601 attrahat
1073 1537 1113 1601 cd
1124 1536 1270 1618 salutern,
1284 1535 1365 1600 alios
1375 1542 1443 1620 pest

292 1642 373 1704 bona
387 1641 517 1719 rejiciet,
533 1645 564 1701 et
579 1638 790 1722 compellatio
806 1639 933 1720 malum,
948 1660 1008 1722 quo
1023 1644 1153 1725 pereant
1166 1640 1199 1702 in
1214 1644 1392 1703 aeternum.

63 1778 66 1785 ·
118 1754 166 1805 cu·
181 1753 272 1794 xxm·
352 1742 528 1805 Nestorieui
543 1761 561 1803 a
575 1741 736 1805 Nestorio⁸
750 1741 1090 1826 Constantinopolitano
1106 1743 1252 1826 episcopo
1264 1741 1444 1824 nuncupati,

291 1846 343 1928 qui
364 1844 487 1908 beatem
506 1844 659 1925 virginem
678 1844 808 1908 Marium
827 1866 890 1909 uon
910 1844 975 1925 dei,
997 1843 1052 1907 sed
1072 1843 1207 1908 hominis
1228 1840 1442 1907 tantummodo

291 1948 452 2010 ¹asserunt
469 1947 666 2027 genitricem,
686 1953 721 2008 ut
740 1946 833 2009 elium
852 1967 1017 2031 personam
1037 1949 1156 2027 curnis,
1174 1945 1272 2010 uliam
1290 1943 1445 2009 ²iucerent

291 2050 425 2113 deitatis.
462 2048 526 2111 Nec
546 2069 642 2112 unum
659 2047 816 2111 Christum
835 2050 867 2112 in
887 2049 981 2113 verbo
1002 2048 1052 2112 dei
1067 2055 1099 2112 et
1113 2068 1206 2113 cerne
1221 2047 1373 2128 credidit,
1391 2044 1445 2109 sed

291 2153 459 2236 seperatim
479 2157 571 2234 atque
598 2153 762 2213 seiunctim
785 2150 917 2214 alterum
939 2150 1055 2234 ³filo'um
1071 2152 1134 2231 dei,
1155 2152 1291 2214 alterum
1309 2150 1443 2214 hominis

291 2255 490 2340 praedicavit.
512 2254 689 2317 Nestorium
706 2253 813 2317 dicunt
827 2259 969 2317 sanctem
982 2256 1135 2336 virginem
1145 2252 1277 2317 Marium
1288 2252 1445 2317 Christum

239 2436 241 2441 .
291 2359 434 2440 genuisse
449 2378 510 2420 non
528 2356 634 2436 deum,
654 2356 738 2420 ahud
757 2356 898 2421 volentes
920 2377 988 2419 esse
1003 2356 1161 2420 Christum
1176 2375 1271 2439 quem
1286 2354 1397 2435 deum,
1414 2351 1444 2417 id

292 2466 340 2523 est
353 2459 504 2543 templum
517 2458 577 2539 dei,
591 2480 655 2522 non
667 2461 770 2543 ipsum
781 2459 883 2539 deum,
899 2464 931 2522 et
942 2458 1069 2544 speciali
1081 2457 1132 2522 dei
1143 2459 1244 2540 gretia
1254 2459 1300 2521 ita
1311 2457 1353 2521 ab
1364 2457 1444 2523 omni

291 2568 418 2648 peccato
432 2565 601 2625 immunem
610 2566 776 2643 servatum,
788 2568 823 2625 ut
832 2562 1100 2644 dignusfueritqui
1112 2580 1273 2643 nunquam
1286 2560 1443 2624 deserere·

292 2672 343 2729 tur
354 2688 372 2728 a
384 2664 453 2745 deo,
465 2663 520 2728 sed
531 2684 652 2749 semper
661 2663 902 2728 inhabitatorem
910 2670 942 2728 et
950 2661 1334 2749 inoperutoremhabuerit
1346 2661 1445 2741 deum,

293 2789 353 2851 que
374 2767 488 2831 fiducia
510 2772 635 2830 sunctae
659 2769 900 2831 conuersationis
927 2766 1020 2831 deurn
1046 2765 1206 2851 appellans
1232 2770 1358 2851 patrem
1382 2766 1445 2849 ipse

293 2891 412 2953 quoque
433 2871 491 2932 rite
511 2869 683 2954 appellatus
705 2872 745 2932 sit
765 2870 856 2934 filius.
897 2867 1099 2933 hdorundum
1119 2870 1214 2931 etium
1234 2874 1268 2931 et
1282 2865 1446 2932 colendum

293 2973 464 3037 decernunt
478 2978 513 3035 ut
528 2972 631 3054 deunr,
647 2972 694 3035 vel
711 2994 782 3036 eum
797 2972 865 3053 deo,
880 2992 942 3036 non
958 2977 1062 3035 tamen
1079 2991 1189 3035 verum
1203 2970 1315 3053 deum,
1331 2968 1388 3035 sed
1405 2971 1445 3035 si·

294 3080 346 3140 cut
367 3080 501 3138 statuum
523 3077 605 3157 regis
629 3080 660 3138 ct
681 3074 815 3158 legatum
838 3076 1049 3158 imperatoris,
1075 3079 1200 3137 utentes
1220 3094 1372 3159 peruerse
1394 3094 1446 3137 sue

293 3198 386 3241 seusu
401 3177 531 3261 apostoli
549 3177 677 3258 dietum,
693 3177 774 3260 quod
789 3180 846 3240 eit:
861 3176 945 3241 Deus
961 3183 1028 3240 erat
1041 3179 1073 3241 in
1086 3176 1220 3257 Christo,
1235 3175 1390 3242 mundum
1400 3196 1446 3240 re·

294 3279 461 3345 conciliaus
477 3278 547 3342 sibi.
571 3280 650 3343 Hinc
667 3288 715 3343 est
730 3279 812 3363 quod
827 3301 891 3344 uon
904 3280 1035 3345 credunt
1047 3280 1140 3343 deum
1151 3281 1183 3342 in
1195 3278 1324 3344 homine
1337 3280 1377 3344 ad
1387 3288 1445 3344 ⁴re·

293 3383 503 3466 demptionem
519 3381 645 3445 humani
661 3384 782 3463 generis
797 3382 847 3446 vel
861 3390 970 3447 nutum
984 3382 1033 3447 vel
1049 3402 1193 3467 passum,
1211 3382 1303 3447 nesus
1319 3402 1389 3448 esse
1403 3380 1447 3447 di·

293 3491 398 3550 centes
415 3483 497 3548 credi
518 3484 681 3569 mulierum
703 3487 889 3549 anteriorem
911 3506 944 3549 se
964 3485 1013 3549 vel
1034 3484 1118 3550 uliud
1139 3504 1234 3569 quam
1254 3505 1306 3567 se,
1326 3486 1386 3551 hoc
1405 3490 1450 3551 cet

293 3588 377 3653 aliud
393 3608 486 3672 quarn
501 3586 669 3669 hominem,
683 3590 838 3671 genuisse,
854 3595 908 3652 aut
921 3588 961 3653 uh
975 3588 1154 3653 hominibus
1169 3586 1264 3653 deum
1279 3588 1383 3655 occidi
1396 3610 1448 3675 pe·

293 3694 401 3772 tuisse,
417 3690 473 3754 sed
487 3689 645 3754 hominem
660 3693 860 3756 innocentem
876 3697 907 3755 et
918 3690 1134 3756 fidelissimum
1145 3690 1197 3754 dei
1207 3690 1350 3757 testandi
1361 3712 1450 3757 ceum

294 3794 334 3859 ad
355 3793 531 3880 exemplum
550 3796 691 3876 martyrii
711 3794 846 3858 humano
867 3797 974 3878 generi
993 3792 1209 3875 tribuendum,
1235 3795 1306 3878 ipso
1329 3793 1449 3861 domiue

294 3898 436 3962 tradente
452 3903 483 3959 et
497 3896 697 3981 permittente
714 3899 861 3961 occisum.
898 3896 990 3962 Unde
1010 3903 1042 3960 et
1062 3895 1191 3961 ⁵merito
1206 3894 1309 3961 bonae
1325 3899 1409 3963 vitae
1422 3902 1451 3961 et

344 4034 405 4102 Cap.
417 4033 565 4087 XXXVIII.
578 4063 612 4072 -
626 4034 647 4087 l.
660 4049 751 4085 rocem
763 4033 828 4084 eius.
846 4032 897 4085 Sed
910 4034 991 4084 edidit
1000 4030 1148 4084 Sirmoudus
1159 4033 1202 4093 (ee
1213 4032 1317 4097 codice,
1330 4034 1450 4101 trifolius,

293 4106 373 4182 ueteri
389 4120 434 4182 ''².⁸·.
445 4102 491 4154 so:
511 4102 621 4153 Victoris
632 4102 730 4168 Poris.)
748 4101 815 4155 Huc
828 4101 1018 4153 Pruedestr'uut.
1031 4117 1088 4169 cap.
1102 4098 1126 4152 6.
1182 4098 1207 4152 2.
1219 4097 1313 4153 dicum
1328 4100 1449 4153 &mod

294 4169 318 4223 3¹
333 4170 593 4307 ἀὲᾟιῗὶὲἓῗζὲη-
616 4240 636 4290 l.
650 4238 761 4290 asseruit
773 4239 868 4291 Isidor.
929 4237 954 4291 2.
966 4200 1063 4289 faceret
1075 4237 1169 4290 heder.
1229 4234 1256 4291 3.
1274 4236 1362 4291 Verba
1373 4238 1449 4293 filiun

295 4305 344 4370 dei,
357 4307 466 4359 alterum
480 4309 628 4358 exciderunt
639 4307 782 4358 ertieuordr'
794 4307 866 4357 libro.
882 4305 1005 4374 Suppleri
1016 4323 1046 4357 eo
1056 4324 1087 4356 eu
1096 4304 1206 4360 Isidoro.
1239 4305 1265 4357 4.
1277 4305 1449 4379 redemptiom

295 4375 362 4426 dieu.
414 4374 438 4426 5.
450 4376 540 4427 merito
554 4394 606 4443 epo.
618 4376 739 4427 meritum
751 4375 819 4428 Meu.
831 4391 877 4444 per
888 4375 1009 4427 meritum
1022 4374 1126 4427 Coteler.
1136 4376 1153 4426 l.
1163 4374 1181 4429 t.
1187 4392 1216 4444 p.
1226 4372 1286 4427 786.

330 4493 391 4563 Cap.
405 4493 531 4547 XXXIX.
542 4526 574 4533 —
584 4512 606 4547 a.
619 4494 766 4547 Nestoriaui
775 4510 791 4545 a
799 4492 849 4545 Ne·
899 4494 970 4546 nadii
982 4499 1050 4559 sunt,
1062 4493 1108 4547 sed
1118 4493 1218 4557 Isidori,
1229 4493 1300 4565 npud
1313 4495 1448 4567 quemipoe

296 4563 385 4642 sterio]
397 4562 473 4642 ΙΠζιθο
489 4564 568 4615 verbe
585 4580 667 4651 usgue
684 4563 715 4613 ed
727 4563 772 4615 illa
785 4561 849 4621 „Ne
900 4563 1023 4633 leguntur
1035 4563 1125 4632 Origg.
1139 4561 1213 4627 v111,
1223 4562 1250 4629 5,
1262 4562 1305 4617 64.

296 4630 627 4685 storromdrcuntsenctum
652 4636 711 4685 cett..
722 4630 849 4685 uonGen·
