3046 5124
250 359 312 423 374

249 516 323 574 cirne,
334 528 401 563 οιοαο
412 509 478 562 κιἸιιἹ
489 510 527 562 ud
536 526 593 562 noer
605 512 723 578 quoniam
735 524 791 560 cum
802 524 847 559 nos
854 522 946 570 sunus,
957 522 1026 557 mors
1034 522 1085 558 nos
1093 506 1180 569 adesir
1191 523 1268 575 quum
1279 520 1340 557 uero
1352 522 1414 557 κιοιι

251 582 331 641 celest,
348 597 393 631 noc
404 583 458 630 iam
473 596 524 630 non
538 595 630 629 sumus.
656 576 744 645 Neque
760 579 840 643 igitur
858 577 895 627 ud
910 578 1021 627 virenter
1032 592 1109 643 neque
1127 576 1165 626 ad
1174 583 1291 625 mortuos
1301 583 1412 643 pertinet.

251 648 322 701 Noun
333 651 368 699 iis
395 647 556 709 uisunt,iilu
569 654 673 707 nonest,
706 645 778 696 nibus
789 662 849 695 vero
861 646 942 705 adest,
959 646 1012 694 ium
1027 643 1070 693 ilii
1085 660 1135 693 cion
1150 652 1217 697 runt.
1247 641 1363 695 Isidorus
1373 642 1413 695 Ili·

251 716 363 785 spslens.
377 666 448 783 θιίγζ.
461 715 506 768 lib.
518 713 585 767 VllI.
598 729 628 765 ca
648 756 653 767 .
666 664 709 766 Vi.
726 712 881 765 Ambrosius
893 712 968 780 epist.
979 710 1065 763 XXV.
1077 709 1124 765 fol.
1136 709 1197 765 240.
1228 710 1412 778 Hieronym.in

250 782 551 904 ⁰⁰⁰¹effi⁸1i⁰³pg8'f⁰l'
565 780 606 836 23.
629 731 738 834 I'ortull.
750 780 894 851 praescript
904 779 1028 832 adromus
1039 777 1137 833 haeret.
1150 794 1208 849 cap.
1221 777 1277 833 Vll.
1290 778 1322 832 de
1334 780 1414 831 anima

250 868 401 988 capiisque
413 858 465 972 0cist
473 890 607 971 irnodicum
619 919 784 971 intervallum
796 917 1002 969 substantialiter
1013 916 1077 969 vivit
1089 916 1158 967 sicut
1168 914 1260 969 Zenon
1272 914 1346 985 dicit]
1369 914 1413 967 ln·

251 989 331 1041 artius
344 989 388 1042 lib.
400 937 455 1041 Vll.
468 989 496 1040 in
508 987 625 1040 Zenone:
653 988 725 1038 Δοκεῖ
737 984 779 1052 τὴν
793 984 873 1056 ψυχὴ-ν
892 982 1040 1051 αἰσθητικὴν.
1071 982 1169 1049 Ταύτην
1187 980 1215 1035 δὲ
1232 976 1296 1035 εἶναι
1312 982 1342 1035 τ“ο
1358 1000 1414 1053 νομ-

252 1055 308 1126 φνὲς
320 1054 378 1125 ἡμῖν
390 1060 493 1124 πνεῦμα.
516 1055 559 1106 Διο
572 1055 612 1106 καὶ
625 1058 698 1124 σῶμα
710 1048 777 1122 εἶναι,
789 1054 830 1104 καὶ
842 1052 903 1122 μετὰ
915 1051 1018 1105 θάνατον
1030 1050 1156 1123 ἐπιμένειν.
1182 1049 1304 1121 Φθαρτὴν
1316 1050 1344 1103 δὲ
1353 1044 1413 1103 εἶναι.

254 1125 274 1177 0
292 1129 381 1176 irratnr
398 1129 509 1176 animum
525 1125 678 1186 sensibilem,
701 1140 804 1190 eumque
820 1139 872 1174 esse
889 1123 960 1175 nobis
975 1125 1078 1173 inritum
1093 1124 1280 1189 ingenitumque
1296 1124 1415 1189 spiritua,

250 1144 308 1245 aiio
321 1203 346 1244 et
356 1211 449 1261 corpus
460 1210 519 1255 ease,
533 1212 565 1243 uo
578 1194 673 1244 durare
680 1200 743 1260 poet
753 1201 868 1253 mortem5
880 1208 933 1242 ease
945 1200 1027 1243 tumen
1040 1190 1174 1241 obnoxiam
1186 1191 1358 1258 corruptioni.

302 1277 365 1347 Gap.
378 1277 461 1330 XVII.
473 1307 506 1315 -
523 1277 683 1329 Animalium
700 1276 803 1328 animas
816 1292 875 1328 cum
891 1275 976 1327 carnis
991 1275 1129 1327 vivacitate
1147 1278 1302 1337 nascuntur,
1319 1278 1344 1326 ot
1361 1290 1415 1327 curn

251 1347 336 1399 carnis
349 1352 432 1398 morte
444 1346 592 1463 finiunturp
598 1344 783 1414 Theophylact.
795 1344 946 1396 Alouanis
965 1344 1047 1412 iscop.
1060 1358 1075 1394 a
1094 1342 1129 1395 ud
1138 1341 1333 1395 Theodorotum
1343 1342 1385 1395 lib.
1393 1340 1415 1395 3.

251 1415 348 1483 dialog.
359 1414 456 1483 polo.
486 1414 542 1465 Τῶν
560 1433 576 1463 οι
593 1419 659 1481 όγων
678 1411 723 1463 oia
740 1411 847 1481 αἴρονται
863 1411 904 1462 καθ
924 1360 1028 1463 τίθενται
1048 1427 1067 1461 π
1101 1428 1121 1461 ιν
1138 1408 1164 1461 αθ
1179 1408 1267 1481 ψυχαὶ,
1284 1406 1350 1461 ἀλλὰ
1389 1408 1416 1461 τὰ

252 1488 301 1533 τῶν
314 1479 437 1550 σωμάτων
450 1481 672 1549 οννδιαφθείρονται
687 1480 727 1531 καθ
744 1478 775 1539 εἰς
792 1484 854 1549 χοῦν
867 1476 1021 1530 ociossuo.
1050 1479 1153 1531 Aeneas
1165 1478 1289 1531 (isaacus
1301 1480 1328 1531 iu
1339 1478 1360 1531 T
1378 1496 1416 1531 so·

251 1550 348 1619 phrasi.
361 1551 405 1602 fol.
419 1549 460 1603 98.
490 1550 603 1602 Basilius
620 1550 734 1618 Magnus
746 1546 836 1602 homil.
849 1546 1151 1602 Vlll.inheuaomeron.
1181 1546 1415 1601 Athanas.tom.·2.

251 1625 326 1671 tract.
338 1618 370 1670 do
383 1617 480 1670 definit.
492 1618 537 1671 iol.
549 1618 591 1670 57.

303 1686 355 1738 Nec
369 1687 468 1738 rationo
479 1692 606 1754 reguntur
618 1691 647 1737 ut
658 1685 731 1737 Plato
744 1690 770 1736 et
781 1683 927 1737 Alexander
938 1686 1043 1753 putant]
1053 1685 1135 1737 Autor
1148 1684 1179 1736 tle
1192 1683 1288 1753 spiritu
1299 1690 1326 1736 et
1336 1684 1418 1737 anima

252 1772 274 1808 c.
286 1753 401 1808 XLVIII.
430 1755 589 1805 Arrimulium
601 1758 703 1806 animae
715 1772 763 1805 non
775 1754 1024 1815 errictrubatanticue,
1040 1754 1086 1805 sed
1102 1770 1158 1805 cum
1174 1756 1235 1821 apsa
1247 1756 1338 1805 curnis
1351 1756 1416 1803 ciuu-

253 1827 331 1873 ciiate
343 1832 489 1884 nuscuntur,
502 1832 526 1874 et
537 1841 592 1874 cnm
604 1826 693 1874 enrru's
704 1830 782 1873 morte
788 1824 929 1890 firrinnturr
942 1830 967 1871 et
976 1823 1034 1873 ideo
1046 1838 1091 1873 nee
1104 1824 1207 1873 ratione
1215 1830 1346 1888 reguntur,
1357 1824 1419 1871 sicut

252 1891 329 1941 Plato
342 1899 366 1940 et
376 1891 526 1942 Alexander
534 1899 636 1959 puteant,
645 1893 692 1941 aeri
703 1892 739 1941 uel
751 1893 836 1941 omnin
847 1893 1013 1941 incitamenta
1025 1898 1122 1941 notura
1135 1890 1270 1941 ducuntur.

302 1957 467 2011 Narratione
479 1960 615 2027 reguntur]
635 1958 763 2021 Quoniam
775 1958 802 2009 in
813 1958 877 2027 ipsis
889 1973 941 2009 non
955 1962 995 2009 est
1006 1958 1107 2020 electio,
1118 1972 1204 2027 neque
1215 1956 1417 2009 ratiocinationis

253 2026 386 2090 discretio,
407 2043 459 2095 qua
493 2027 635 2096 orpendant
651 2027 812 2091 agendorum
833 2025 972 2085 delectumr
993 2024 1039 2078 sod
1055 2026 1133 2077 simul
1150 2026 1263 2095 imperat
1283 2032 1375 2077 natura
1388 2024 1418 2077 ad

252 2096 384 2164 agendum
400 2044 575 2164 impeliuntur.
604 2095 718 2147 Basilius
735 2095 892 2147 Selouciens.
909 2095 1022 2164 episcop.
1039 2100 1104 2147 orat.
1122 2094 1147 2148 3.
1163 2094 1191 2145 in
1203 2092 1299 2147 Adam.
1329 2092 1418 2147 Dama-

253 2179 345 2215 scenus
358 2163 389 2215 de
402 2164 501 2215 duabus
515 2163 610 2215 Christi
621 2164 799 2215 voluntatibus
816 2162 861 2213 iol.
873 2160 931 2213 483.
954 2162 1095 2231 Angustia.
1110 2162 1141 2214 do
1159 2162 1308 2231 quantitate
1321 2162 1419 2215 animas

254 2248 311 2301 cap.
324 2231 435 2283 XXVII.
447 2231 569 2285 XXVIII.
587 2234 668 2284 Autor
680 2231 712 2282 do
723 2230 774 2283 fido
786 2230 819 2282 ad
831 2230 935 2282 Petrum
948 2247 1005 2301 cap.
1018 2229 1115 2282 XXIV.

304 2300 366 2369 Cap.
378 2299 472 2352 Xl'lll.
485 2331 518 2339 -
536 2300 629 2351 Anima
642 2299 756 2351 humana
768 2315 820 2351 non
833 2315 893 2350 cum
902 2316 979 2351 carne
988 2298 1106 2365 moritur]
1125 2296 1251 2351 Athenas.
1260 2298 1296 2351 ad
1305 2298 1418 2352 Antioclr.

253 2375 354 2438 quaest.
370 2368 408 2420 l'i.
439 2367 517 2419 Πόθεν
536 2366 586 2434 [δὲ]
602 2367 677 2433 δῆλον
694 2366 732 2418 ὅτι
748 2366 772 2418 ἐν
791 2371 827 2417 τιῗν
845 2371 923 2436 καιρῷ
941 2370 985 2417 τοῦ
998 2364 1102 2417 θανάτοιν
1114 2364 1143 2417 αθ
1156 2366 1352 2433 συναποθνήσκει
1362 2366 1420 2437 μετὰ

252 2440 297 2486 τοῦ
310 2435 425 2505 σώματος
436 2434 451 2501 ἦ
465 2434 545 2505 ψυχὴ;
555 2434 615 2495 τινὲς
627 2434 674 2504 γὰο
687 2435 753 2486 olan
765 2420 912 2504 νομθζονσιν.
936 2434 1032 2487 allon.
1056 2432 1087 2483 ‘0
1104 2437 1148 2485 τοῦ
1164 2434 1221 2485 θεοῦ
1230 2432 1282 2495 νόος
1295 2435 1337 2486 καὶ
1347 2434 1420 2505 λόγος

254 2503 348 2569 Ἰησους
362 2501 375 2553 ὁ
388 2502 490 2573 Χριστος
503 2522 551 2573 τρο
572 2507 635 2563 ανῶς
652 2486 716 2571 ipa
730 2500 837 2555 διδάσκοι
852 2503 881 2553 το
895 2501 982 2568 θνητὸν
996 2507 1040 2553 τοῦ
1057 2504 1186 2571 crispatur,
1203 2502 1245 2554 nul
1256 2502 1288 2553 r'o
1305 2500 1420 2555 ἀθάνατον

253 2576 294 2639 τῆς
307 2571 424 2641 ἡμετέρας
441 2571 520 2640 ψνγῆς
533 2522 620 2641 λόγων·
641 2542 674 2640 ni
686 2572 808 2690 οογγηθῆτε
820 2568 868 2622 ἀπο
881 2574 930 2621 τῶν
943 2568 1135 2623 ἀποκτεινόντων
1154 2569 1184 2621 τὰ
1201 2570 1324 2655 stirpata,
1341 2568 1384 2637 rip
1395 2570 1420 2623 il

260 2639 335 2709 ὐχὴν
348 2638 381 2708 μὴ
395 2633 534 2709 δυναμένων
547 2637 693 2691 ἀποκτεῖναι.
742 2639 849 2710 ρόδηλον
861 2637 895 2699 ὡς
907 2635 1026 2700 ἀθάνατος
1038 2639 1079 2691 καὶ
1090 2635 1185 2705 ἀπαθὴς
1197 2636 1313 2710 θπαρχει.
1330 2640 1359 2693 Iri
1371 2646 1420 2693 est:

254 2662 328 2761 Irrue
335 2718 422 2778 puteat
432 2710 566 2760 declarari
577 2711 644 2778 qnod
655 2718 765 2778 tempore
775 2712 864 2760 mortis
879 2726 928 2759 non
945 2726 998 2759 ιιιια
1009 2726 1064 2759 enni
1077 2726 1185 2778 corpore
1196 2712 1326 2761 moriatur
1337 2712 1421 2761 anisio

254 2780 411 2846 quoqueisic
424 2781 487 2829 enirn
501 2780 603 2847 quidum
617 2787 763 2845 opinantur.
791 2776 921 2829 Rusross.
946 2776 1052 2828 Verbum
1066 2774 1164 2829 Christi
1175 2784 1200 2828 ct
1216 2778 1259 2829 der·
1271 2780 1355 2829 nutri
1370 2779 1421 2829 elu-

253 2850 352 2897 riasime
365 2847 501 2907 sorderet,
514 2848 581 2913 pund
592 2863 685 2914 corpus
697 2855 808 2897 rinstrurn
819 2846 934 2907 mortale,
952 2852 977 2896 et
986 2847 1054 2913 qnod
1063 2845 1216 2897 immortalis
1232 2848 1269 2897 sit
1279 2848 1368 2897 ιιαίινιο
1381 2864 1421 2897 νιο-

253 2923 317 2967 atra.
337 2915 424 2982 Inquit
434 2918 499 2965 eninr
512 2914 640 2966 Christus:
653 2933 683 2966 rie
695 2918 812 2965 metuatis
824 2914 856 2965 ab
869 2917 926 2964 istis
938 2917 980 2981 qni
992 2914 1112 2965 occidunt
1123 2930 1225 2981 corpus,
1239 2918 1354 2965 orrimosr
1364 2932 1421 2965 reru

254 3001 303 3034 nori
316 2992 425 3051 possunt
440 2985 565 3037 oecr'rlere.
599 2983 782 3034 Undeconrlut
830 2984 865 3033 orl
880 2985 967 3033 anima
983 2981 1093 3033 bominis
1107 2982 1260 3033 immortalis
1277 2985 1348 3035 silet
1359 2984 1421 3035 aries

254 3054 353 3102 existat.
382 3051 499 3102 Lactaut.
513 3052 556 3103 lib.
569 3051 624 3104 VII.
636 3067 692 3121 cap.
705 3050 764 3103 XII.
809 3053 902 3102 riterire
914 3068 1025 3119 prorsus
1036 3052 1124 3101 areima
1136 3068 1187 3101 nora
1198 3060 1295 3119 potest,
1306 3056 1422 3121 quonian

254 3135 284 3169 ex
297 3121 339 3169 dei
349 3123 451 3187 aperitin,
464 3123 507 3186 pur'
519 3129 636 3171 (aeternus
648 3129 691 3181 eet,
705 3123 829 3187 originem
840 3121 932 3187 coepit.

288 3272 293 3282 .
305 3201 366 3321 Cap.
379 3202 453 3282 XIX.
466 3234 499 3242 -
516 3203 624 3256 Duabus
637 3203 790 3299 substantiis
802 3208 906 3257 tantum
918 3208 1020 3256 constat
1030 3201 1120 3270 homo]
1138 3201 1254 3257 Thomas
1265 3204 1385 3275 Aquinas
1395 3206 1421 3259 in

253 3276 328 3391 filii
336 3270 919 3410 ..tittiiltitilssr.inutritii.
931 3272 1311 3411 institituit
1318 3272 1423 3405 ..l-'tlt

254 3410 334 3459 alium
350 3426 415 3476 quae
432 3412 589 3462 ricti'unatur.
624 3411 676 3460 Sed
691 3410 756 3461 liaeo
772 3418 830 3460 sunt
845 3409 984 3477 reprobatu
1006 3412 1033 3460 in
1050 3411 1234 3461 ecelesiasticis
1255 3412 1422 3479 dogmatibus.

254 3476 379 3546 Origenes
392 3474 445 3544 sepi
458 3471 542 3595 &ppos
554 3477 600 3530 lib.
614 3476 656 3528 lll.
669 3493 725 3547 cap.
739 3477 781 3530 lV.
809 3478 891 3529 Antor
903 3476 935 3529 do
947 3477 1041 3547 spiritu
1058 3478 1183 3530 stenima
1195 3494 1219 3531 c.
1230 3476 1275 3533 lll.
1289 3484 1318 3532 ot
1326 3478 1421 3534 XLIX.

254 3545 404 3597 Gennadius
416 3545 444 3597 in
460 3544 475 3594 'l
498 3547 588 3595 corioro
599 3545 644 3599 fol.
657 3544 715 3599 210.
730 3545 798 3615 apud
809 3546 959 3614 Hieronym.
977 3551 1040 3598 tom.
1052 3545 1099 3599 lX.
1123 3545 1247 3599 Paulinus
1263 3546 1423 3617 Aquileiense.

253 3615 368 3684 episcop.
381 3614 505 3665 adversus
518 3613 631 3666 Felicem
645 3612 825 3683 Urgelitanum
837 3614 882 3666 fol.
893 3614 952 3668 445.
969 3614 1144 3683 Hieronymus
1155 3614 1183 3667 in
1194 3613 1332 3669 Danielem
1344 3632 1369 3671 o.
1381 3614 1421 3669 Ill.

305 3699 411 3751 Duabus
424 3698 576 3752 substantiis
588 3704 691 3751 tantum
703 3704 805 3752 constat
816 3697 894 3751 homo
936 3697 1034 3751 Contra
1045 3699 1067 3750 A
1086 3698 1248 3765 ollinarium‚
1264 3700 1313 3787 gul
1323 3702 1422 3755 anima·

252 3785 310 3820 rum
322 3768 396 3836 ponit
413 3766 530 3836 διαφορὰν
548 3767 589 3818 καθ
606 3764 633 3818 ἐκ
650 3770 722 3837 τριῶν
741 3767 882 3836 ονγκέῖοθαι
915 3767 963 3835 ἐγει
980 3766 1023 3817 τὀν
1041 3716 1183 3837 ἄνθρωπον,
1199 3764 1227 3819 ἔκ
1243 3784 1372 3839 σωματος,
1383 3768 1422 3821 καὶ

254 3836 332 3905 ψυχῆς
349 3839 390 3917 :ig
408 3838 524 3902 ζωτικῆς,
542 3835 582 3887 καθ
600 3830 630 3887 αθ
646 3832 731 3901 πόλιν,
749 3832 775 3886 ἐκ
793 3838 835 3901 τῆς
851 3835 963 3906 λογικῆς,
979 3828 1008 3901 ἦν
1026 3840 1083 3886 νοῦν
1096 3852 1114 3887 π
1130 3836 1288 3907 οοαγορεόει,
1305 3836 1362 3905 ἡδὶ
1374 3838 1423 3889 θεία

253 3902 335 3973 γραφὴ
349 3922 405 3971 μιαν
417 3897 489 3972 οἶδεν,
503 3903 531 3955 οὐ
545 3904 589 3955 θόο
602 3901 689 3975 ψυχάς.
725 3904 878 3957 Theodorou
890 3904 986 3973 dialog.
998 3902 1022 3957 2.
1034 3920 1096 3975 pag.
1109 3854 1150 3959 όθ.

304 3988 365 4057 Cap.
377 3988 439 4042 XX.
451 4020 484 4028 -
502 3989 560 4041 Non
572 3996 613 4043 est
623 3990 716 4043 tertius
728 3989 756 4041 in
768 3989 914 4042 substantia
926 3988 1038 4043 hominis
1051 3990 1169 4059 spiritua]
1191 3988 1275 4044 Autor
1286 3990 1345 4045 des
1364 3992 1423 4045 iritn

253 4063 279 4109 et
290 4057 378 4109 anima
395 4074 417 4111 c.
435 4056 530 4111 XLIX.
566 4059 626 4111 Non
643 4067 680 4111 eet
697 4062 785 4110 tertius
803 4062 829 4109 in
846 4058 953 4109 romnis
968 4060 1136 4111 anhelantius
1155 4062 1240 4123 iritus,
1256 4068 1287 4113 ut
1297 4060 1337 4113 D'
1352 4078 1424 4129 μοι

253 4128 388 4187 concionem,
400 4129 446 4179 aed
456 4132 562 4195 spn'ritns
573 4131 633 4195 ipsa
645 4136 683 4181 eat
693 4131 780 4180 anima
794 4146 844 4195 pro
855 4128 973 4195 spirituli
984 4136 1088 4191 nutura,
1105 4076 1207 4197 neipro
1224 4146 1253 4181 eo
1264 4130 1334 4197 quod
1342 4132 1424 4201 spiret

252 4213 279 4244 ”²
293 4196 752 4341 ‘iiiiiiii‘liiiiiiiiisnn
764 4262 906 4331 nraymum
918 4264 975 4316 aas
994 4262 1252 4319 nitorimenta.

303 4330 354 4382 Sed
366 4338 472 4399 spiritus
490 4333 547 4401 ipsa
558 4340 597 4383 est
608 4332 706 4401 anima]
735 4332 885 4399 llierouym.
905 4332 950 4386 lib.
962 4281 1147 4387 linurin.
1160 4348 1183 4385 c.
1193 4332 1307 4387 xxvu.
1339 4334 1424 4405 Spiri-

253 4407 300 4449 turn
309 4418 361 4467 pro
374 4402 461 4450 currina
473 4401 642 4465 intelligimus,
655 4405 707 4453 ειόα
719 4403 808 4470 pnodr
827 4402 931 4452 irituule
952 4411 977 4453 ct
991 4402 1071 4454 vitale
1088 4418 1180 4471 corpus
1188 4404 1291 4471 sociat,
1302 4420 1348 4455 sss
1359 4404 1425 4473 psol

254 4470 355 4519 animae
368 4471 447 4539 ipsius
459 4468 600 4519 srrbstunlia
611 4472 717 4537 spiritus
727 4473 768 4523 sit.
802 4418 969 4521 flrnocenfius
979 4468 1051 4539 Papa
1061 4468 1106 4523 III.
1117 4485 1195 4523 serm.
1203 4468 1239 4523 II.
1269 4476 1314 4525 ost
1374 4470 1422 4525 cll!

252 4534 296 4585 iol.
310 4534 350 4586 θῐι.
365 4535 506 4603 Gregorius
519 4536 631 4605 Magnus
641 4537 685 4589 lib.
695 4536 741 4591 Xl.
753 4538 845 4591 Moral.
855 4537 930 4590 ulli.
946 4538 1062 4591 Isidorus
1072 4538 1119 4591 llis
1165 4486 1304 4609 .orig.Iib.
1341 4540 1413 4595 Lol

302 4602 397 4655 Anima
408 4620 469 4655 vero
482 4620 515 4657 ex
527 4621 557 4657 eo
570 4608 689 4671 vocatur]
707 4606 789 4659 Autor
801 4604 832 4659 de
843 4606 937 4677 spiritu
949 4612 976 4660 at
986 4606 1074 4661 anima
1085 4622 1108 4663 o.
1145 4606 1217 4663 ux,
1240 4606 1342 4663 Anima
1353 4628 1385 4663 es
1394 4628 1421 4665 so
