3046 5124
536 352 576 391 DE
589 350 765 392 annuamus
778 349 870 389 Lunna

1218 354 1278 417 1⁷9

125 530 178 573 noo
197 507 368 595 prophetae
388 528 446 572 nec
467 510 528 592 ipsi
548 507 674 572 domino
696 515 786 572 erant
805 506 1003 593 postmodum
1024 506 1188 589 credituri,
1209 528 1280 570 eum

124 614 236 677 mmsus
251 611 292 676 ad
307 611 456 697 populum
470 610 630 695 praedicat
650 612 829 675 manifeste:
860 612 950 674 Areae
970 612 1118 691 erodiona,
1141 621 1170 674 et
1191 612 1279 675 oculo

122 713 274 796 ridebam
290 724 319 778 et
332 724 411 777 oeac
426 714 605 789 intendetis,-
627 716 762 798 cooperti
784 716 896 797 quippe
919 713 1057 777 tenebris
1079 712 1180 777 lucem
1196 712 1279 778 salu·

123 820 162 883 tis
175 822 339 898 aeternae,
354 816 385 879 id
400 822 448 879 cst
463 816 577 879 Christi
593 815 749 879 carnalem
769 818 989 901 praesentiam,
1009 837 1072 881 non
1087 822 1177 880 erant
1191 818 1279 899 agni·

124 922 194 1003 turi,
208 921 292 984 sicut
305 920 468 1010 etinctum
483 924 540 981 est.
565 918 651 995 Quod
666 918 826 1002 apostolus
842 918 977 983 docensd
991 919 1134 984 uelamen
1146 940 1214 983 esse
1226 940 1279 983 ns·
1379 931 1385 945 ·

125 1042 181 1107 que
199 1021 292 1087 hodie
309 1024 343 1085 in
359 1021 503 1086 cordibus
522 1020 689 1083 eorundem
704 1023 841 1105 positum
856 1022 1039 1104 affirmauit,
1055 1022 1137 1107 qnod
1152 1044 1214 1087 non
1231 1044 1280 1085 re·

124 1124 277 1190 relabitur
295 1145 393 1209 usque
419 1144 478 1207 quo
499 1124 657 1186 Christum
682 1144 744 1187 non
772 1123 961 1188 crediderint
986 1125 1181 1191 salvatorem.
1218 1125 1281 1190 Ubi

126 1234 228 1293 ntem
243 1230 386 1292 conversi
401 1228 545 1307 suerint⁰,
568 1226 598 1289 id
619 1232 667 1288 est
682 1226 873 1290 crediderint
888 1230 920 1290 in
937 1228 1095 1292 Christum
1111 1228 1281 1308 domiuum,

126 1330 280 1395 auferetur
294 1328 436 1393 uelamen
452 1329 491 1392 ab
507 1350 613 1392 eorum
629 1328 782 1393 cordibus
815 1330 902 1406 Quod
917 1337 1021 1394 autom
1037 1337 1068 1393 ot
1083 1332 1143 1395 duo
1161 1334 1280 1394 anima·

127 1432 167 1503 lia
179 1435 325 1498 nuntiata
345 1435 410 1496 sint
424 1432 447 1470 ¹¹
455 1431 620 1495 Cherubim
643 1438 674 1494 et
689 1431 868 1516 Seraphim,
888 1432 939 1497 lex
960 1436 1073 1519 quippe
1095 1440 1127 1498 et
1146 1434 1281 1518 propho-

127 1542 298 1621 trabeatos
313 1534 429 1599 Christi
445 1540 476 1597 et
491 1534 633 1598 doctores
650 1535 758 1616 seculi,
772 1556 834 1599 nou
851 1542 898 1598 est
913 1536 1102 1619 ambignum.
1129 1535 1284 1599 Volabant

129 1646 230 1705 autern
244 1640 358 1703 faciem
374 1645 405 1702 et
420 1638 515 1722 podes
532 1635 666 1701 domiui‘
691 1641 756 1700 siue
778 1641 850 1720 quia
871 1640 903 1701 in
919 1639 1073 1723 parabolis
1090 1645 1121 1703 et
1136 1639 1282 1703 similitu-

130 1743 254 1809 dinibus
269 1749 302 1806 et
317 1740 544 1824 aenigmatibus
566 1740 734 1804 docebatur
754 1743 952 1824 mysterium,
973 1749 1007 1805 ut
1028 1746 1179 1828 scriptum
1200 1749 1283 1806 esu:

130 1845 283 1935 Apertum
298 1867 331 1909 oe
345 1866 446 1908 meraca
459 1845 494 1906 in
505 1842 685 1928 poucboba·
701 1849 733 1905 et
745 1843 880 1907 Dauidh:
897 1844 1012 1908 Recolo
1028 1847 1132 1910 ocutos
1146 1868 1242 1927 cereos,
1258 1855 1286 1908 et

131 1947 333 2016 emiderabo
346 1945 506 2010 mirabilia
522 1947 560 2009 de
574 1947 638 2031 Iope
653 1957 723 2022 ινιας
738 1952 770 2008 ot
784 1946 971 2030 apostolus¹:
986 1947 1105 2011 Filiam
1119 1972 1219 2030 abacos,
1236 1951 1284 2011 in·

131 2054 209 2137 quit,
225 2061 321 2137 poter
334 2048 527 2112 ¹²reeelcoit¹¹
540 2049 629 2129 nothi,
651 2049 683 2111 id
698 2056 746 2112 est
761 2047 799 2111 de
815 2047 881 2130 loge
896 2056 988 2133 atquc
1003 2050 1163 2134 prophetis
1180 2057 1284 2114 osten·

81 2224 89 2245 ,
131 2154 215 2221 dens·
254 2153 315 2217 Sex
329 2157 435 2217 autem
457 2173 579 2236 pennae
596 2158 685 2214 crant
700 2154 760 2233 eis,
781 2158 813 2214 et
833 2150 953 2215 duabus
975 2152 1101 2235 quidem
1121 2154 1232 2216 facicm
1255 2160 1287 2216 et

131 2256 249 2323 duabus
274 2255 369 2340 pedes
390 2255 624 2339 cooperiebant,
649 2254 769 2318 duabus
790 2259 893 2317 autom
920 2254 1128 2336 clamabant¹‚
1147 2277 1186 2318 ne
1208 2256 1285 2320 sorte

130 2360 238 2425 faciem
260 2366 293 2422 et
310 2358 406 2443 pedes
427 2379 498 2422 cum
515 2359 591 2422 dicit
613 2356 729 2422 domini
746 2363 922 2441 coopertos,
945 2358 1027 2441 quod
1048 2378 1171 2421 sursum
1192 2365 1285 2440 atque

131 2460 346 2545 deorsum—est,
361 2469 393 2526 et
406 2461 565 2545 longitudo
581 2467 614 2524 et
627 2460 758 2526 latitudo
775 2460 813 2524 dc
829 2459 885 2524 deo
903 2459 1287 2545 ¹³monst1·aretur¹¹¹,quod

197 2700 237 2757 1‘2.
253 2700 382 2754 Cherubin
398 2706 424 2755 et
442 2699 567 2771 Seraphin
584 2700 625 2754 ab.
646 2698 746 2770 Utique.
806 2699 844 2757 13.
862 2699 983 2754 revelarit
1001 2718 1022 2754 c.
1045 2699 1169 2754 revelabit
1188 2700 1287 2770 reliqui.

133 2770 169 2828 14.
180 2770 323 2828 monstrnt
333 2771 356 2825 t.

162 3012 185 3050 c.
204 2995 307 3061 etuon]
325 2992 682 3047 us.u1.s.eruauu.x1u.
734 2995 835 3046 manica
856 2992 930 3046 editis
951 2994 977 3044 in
995 2992 1075 3062 Epist.
1098 2995 1130 3046 ad
1147 2993 1288 3050 Romanos.

133 3064 170 3119 14.
210 3062 285 3130 Ἀκοῆ
302 3060 416 3114 ἀκούσετε
432 3063 472 3113 καλ
490 3061 558 3132 erip
591 3066 674 3127 συνῆτε
736 3063 840 3125 (Febr.)

131 3132 170 3185 aar
181 3106 312 3202 structa
330 3130 429 3200 suaa
447 3131 485 3182 ναν
502 3129 562 3211 asp
593 3103 684 3196 repsi
769 3131 787 3183 r.
804 3131 898 3183 faciem
915 3136 940 3182 et
958 3132 1035 3200 peaes
1054 3132 1163 3200 cominu
1193 3134 1290 3187 conta

131 3200 224 3271 Iterum
236 3218 281 3272 pro
293 3215 367 3253 more
375 3216 422 3251 sno
431 3198 583 3252 Philastnns
593 3200 619 3250 in
629 3216 685 3251 ver·
735 3199 826 3251 Esaiae
839 3206 960 3263 urentem,
973 3206 1001 3252 ut
1011 3218 1089 3271 supra
1097 3203 1149 3255 iam
1159 3205 1289 3257 annotavi.

132 3270 170 3325 tis
181 3270 313 3340 scriptoris
326 3269 392 3321 sacri
404 3269 456 3320 atia
465 3269 562 3321 omittit
570 3269 621 3320 alia
630 3285 684 3319 mn·
736 3268 844 3332 (Febr.)

131 3344 169 3393 tat
180 3345 206 3393 et
216 3337 371 3408 transponit
390 3337 523 3389 Intendere
535 3355 581 3406 pro
594 3339 684 3388 iutelb'·
771 3353 796 3405 g.
810 3343 839 3388 ut
851 3338 976 3407 scriptum
988 3340 1039 3404 est]
1058 3339 1098 3391 us.
1111 3340 1251 3395 LXXVIII.
1265 3340 1288 3391 ἰ).

130 3407 319 3478 praepositum
340 3422 374 3457 cx
399 3421 448 3457 usu
470 3406 578 3458 labentis
597 3405 684 3457 latini-

130 3477 198 3542 tatis,
211 3475 280 3528 unde
291 3475 350 3527 Itali
362 3491 439 3527 suurn
452 3477 565 3527 iuterrder
578 3481 603 3529 et
616 3472 685 3526 Galli

131 3547 257 3599 mandre.
294 3543 349 3609 (F.)

164 3613 189 3667 d
206 3612 340 3733 apostolus
353 3611 459 3678 docens]
489 3610 504 3662 2
520 3610 575 3664 Cor.
588 3610 630 3663 lu.
646 3610 683 3665 15.

133 3680 216 3749 ,Ἀλλ’
241 3700 274 3741 ως
291 3680 395 3750 σήμερον
411 3710 422 3720 ·
433 3710 445 3719 -
458 3677 575 3750 κάλυμμα
592 3679 629 3731 ἐπὶ
642 3679 684 3745 τὴν

130 3751 233 3823 καρδίαν
245 3749 327 3801 αὐτῶν
339 3749 437 3801 κεῖται.”
472 3749 529 3815 (F.)

163 3836 186 3873 e.
204 3818 255 3872 Ubi
266 3823 354 3871 antem
366 3819 483 3871 conversi
495 3818 602 3884 fuerint]
627 3817 685 3870 Non

131 3889 233 3944 videtur
253 3887 353 3941 alienus
374 3887 455 3940 inisse
478 3886 630 3939 Philastrius
652 3887 685 3937 ab

131 3974 223 4013 eorum
237 3957 378 4021 sententia,
398 3957 443 4025 qui
457 3972 583 4027 magnam
604 3955 685 4008 adhuc

131 4026 287 4081 ludaeorum
312 4026 507 4078 conversionem
536 4032 686 4096 exspectan-

132 4094 249 4161 demerui
276 4094 685 4159 eranasernnt,cum'l’ortnlliano,

133 4112 687 4236 Origenedtilarm,Ambrosiallieronymo,

131 4233 289 4305 Augustino,
303 4231 428 4319 Gregorio
440 4231 567 4299 Nysseno,
582 4230 687 4293 Basilio,

133 4302 328 4372 chrysostomo,
346 4300 441 4381 (prilla
454 4300 540 4361 Alex„
553 4296 687 4368 Theophy-

132 4372 216 4436 acto,
233 4370 404 4433 Oecumemo,
420 4368 494 4420 Petro
517 4365 688 4434 Chrysalogo‚

133 4439 271 4512 Primasie,
289 4439 399 4507 aliisque
413 4452 523 4504 quorum
536 4436 593 4486 loca
609 4434 687 4486 addu-

133 4514 230 4563 xerunt
240 4508 272 4562 D.
284 4506 445 4560 Christianus
458 4504 578 4556 Dreierus
588 4503 614 4555 in
627 4503 687 4556 diss.

135 4578 168 4629 de
185 4577 359 4631 Conuersione
378 4574 536 4637 ludaeorum,
555 4576 581 4623 ot
592 4571 622 4625 u.
635 4572 688 4624 ioh.

136 4645 294 4711 omnem,
311 4642 325 4697 ὁ
343 4641 484 4712 μακαρίτης,
496 4641 610 4698 horuttiis
627 4641 689 4698 Ger·

734 3404 950 3458 Matthxlltus.
971 3405 1086 3472 „boetho
1098 3406 1122 3459 ἐν
1135 3409 1288 3477 παραβολαῖς

736 3473 763 3524 τὸ
777 3475 858 3543 στόμα
871 3475 942 3544 μου.”
978 3477 1034 3540 (F.)

769 3559 794 3612 h.
812 3561 939 3627 etDavid]
958 3561 1027 3614 Psai.
1038 3563 1131 3616 CXIX.
1143 3563 1182 3615 18.
1202 3561 1289 3621 ,Ἄπο-

736 3627 845 3698 κὰλνψον
857 3630 913 3688 τοὺς
931 3627 1073 3714 ὀρθαλρούς
1086 3651 1146 3701 μου,
1164 3631 1203 3682 καλ
1215 3648 1290 3681 κατα·

736 3699 818 3762 νοήσω
835 3697 865 3749 τὰ
881 3700 1002 3768 bonporus
1023 3698 1050 3750 ἐκ
1068 3706 1110 3751 τοῦ
1126 3702 1202 3768 νόμον
1221 3699 1291 3749 σοο.”

736 3767 841 3831 (Febr.)

770 3836 787 3889 i.
807 3842 833 3888 et
844 3836 988 3917 apostolus]
1009 3836 1092 3888 Calan.
1104 3835 1123 3887 1.
1137 3835 1176 3887 16.
1203 3835 1290 3901 ,hac-

737 3903 844 3973 καλύψαι
856 3923 897 3956 τον
911 3903 960 3954 υἷὀν
973 3903 1049 3954 αὐτοῦ
1059 3903 1081 3954 ἔν
1094 3902 1171 3972 ἐροί.”
1206 3907 1263 3969 (F.)

779 3990 804 4041 k.
822 3991 955 4055 revelavit]
981 3990 1079 4044 Vitiosa
1100 3989 1199 4058 priores
1221 3990 1290 4043 editt.

738 4061 866 4113 revelabit.
901 4058 958 4122 (F.)

788 4145 805 4195 t.
824 4144 983 4208 clamabant]
1002 4142 1070 4195 Cave
1088 4144 1209 4197 emendes
1221 4147 1291 4195 rolu-

739 4214 807 4263 tuut.
819 4212 886 4263 Nam
895 4213 955 4263 licet
967 4227 1008 4262 res
1019 4213 1076 4280 ipsa
1088 4219 1114 4265 et
1124 4214 1196 4267 locus
1208 4214 1292 4266 Isaiae

740 4282 788 4332 hoc
808 4281 925 4348 requirit,
947 4285 1034 4331 tanuen
1052 4280 1203 4335 l’hilastrius
1224 4282 1292 4336 hand

740 4349 816 4400 dutrie
826 4349 926 4417 scripsit
936 4351 1089 4415 clurrmbuut,
1098 4352 1207 4421 ideoque
1214 4354 1292 4405 etiam

741 4417 807 4468 infra
832 4419 993 4469 elamoribus
1018 4421 1124 4472 duanam
1152 4441 1293 4491 persicorum

739 4486 977 4539 saciturentioueur.
1012 4487 1069 4554 (F.)

774 4588 809 4623 m.
827 4576 1024 4639 monstraretur]
1050 4574 1090 4627 Ita
1106 4591 1199 4629 seusus
1210 4578 1294 4646 poscit

741 4642 904 4696 scribendum
916 4658 962 4712 pro
976 4654 1132 4700 sacrosacrae
1168 4646 1226 4710 (F.)

1045 4730 1092 4827 12:
