3046 5124
262 381 321 446 198
763 377 916 421 cucusum

126 552 176 604 ctr-
191 553 237 592 Ἧι
323 537 554 619 Carpocratiani
575 541 649 598 sunt
669 555 688 598 a
708 534 908 620 Carpocrato,
929 536 983 618 qui
1003 535 1137 600 docebat
1155 557 1282 601 omnem
1300 543 1420 623 turpem

260 639 486 724 operationem,
507 658 693 721 omnemque
709 637 963 702 adinventionem
983 639 1126 723 peccati,
1141 638 1315 712 necaliter
1335 640 1420 704 evadi

259 749 352 824 atque
374 740 501 804 transiri
523 740 717 825 principatus
740 745 772 802 et
790 746 979 825 potestates,
1001 741 1114 824 quibus
1135 742 1212 805 haec
1228 740 1373 826 placent,
1390 749 1420 804 nl

258 844 357 929 possit
378 843 418 906 ad
440 842 560 907 caelum
581 842 723 926 superius
745 842 911 926 perveniri.
947 842 1007 906 Hic
1027 843 1124 907 etiam
1144 844 1249 907 lesum
1264 844 1420 908 hominem

258 944 489 1025 tantummodo,
512 945 600 1008 etde
620 951 750 1028 utroque
772 965 849 1008 sexu
869 950 978 1009 natum
999 951 1125 1029 putasse
1148 946 1349 1030 perhibetur,
1370 947 1420 1009 sed

258 1048 417 1132 accepisse
434 1047 529 1110 talem
545 1047 685 1109 animam
700 1067 778 1129 quae
795 1048 890 1110 sciret
904 1068 942 1110 ea
956 1067 1033 1130 quae
1054 1069 1189 1133 superna
1209 1056 1319 1112 essent
1332 1055 1420 1133 atque

258 1151 424 1213 nuntiaret.
448 1150 720 1213 Resurrectionem
736 1150 873 1233 corporis
889 1148 982 1213 simul
995 1171 1066 1213 cum
1078 1149 1146 1232 lege
1157 1149 1340 1215 abiiciebat.
1364 1152 1420 1216 Ne·

258 1253 352 1334 gabat
367 1274 385 1314 a
402 1251 459 1316 deo
476 1253 609 1332 facturn,
625 1251 680 1315 sed
696 1273 714 1313 a
729 1253 835 1315 nescio
852 1253 965 1335 quibus
981 1252 1150 1318 virtutibus
1165 1252 1331 1317 mundum.
1369 1254 1420 1319 Sc·

260 1361 326 1419 ctae
342 1355 441 1438 ipsius
457 1354 553 1417 luisse
569 1353 701 1417 traditur
717 1354 870 1436 quaedam
884 1353 1080 1435 Marcellina,
1101 1376 1179 1438 quae
1201 1355 1328 1420 colebat
1346 1356 1420 1421 ima-

258 1458 346 1540 gines
362 1458 433 1519 lesu
453 1463 484 1519 et
498 1455 587 1520 Pauli
610 1461 641 1518 et
655 1456 782 1520 Homeri
802 1463 835 1519 et
848 1456 1041 1540 Pythagorae
1063 1456 1220 1523 adorando
1242 1458 1420 1523 incensum·

260 1581 318 1642 que
335 1559 489 1643 ponendo.

116 1677 166 1727 Car·
181 1678 240 1717 vrn.
322 1662 514 1724 Corinthiaci
535 1682 553 1723 a
571 1660 717 1723 Cerintho
733 1659 879 1743 idemque
895 1660 1096 1725 Merinthiani
1111 1682 1130 1723 a
1143 1661 1320 1744 Merintho,
1333 1685 1420 1728 mun·

259 1764 333 1828 dum
348 1763 387 1826 ab
403 1762 522 1844 angelis
537 1763 655 1826 factum
671 1783 738 1825 esse
756 1762 908 1843 dicentes,
923 1769 956 1825 ct
970 1784 1062 1828 carno
1075 1762 1260 1828 circumcidi
1272 1772 1420 1850 oportere,

258 1872 350 1949 atque
366 1865 427 1928 alia
440 1865 619 1928 huiusmodi
634 1865 711 1946 legis
727 1871 894 1950 praecepta
909 1865 1036 1929 servari.
1059 1866 1164 1929 lesum
1179 1865 1342 1932 hominem
1355 1874 1420 1932 tan·

259 1967 417 2031 tummodo
432 1967 539 2048 luisse,
556 1988 614 2031 nec
630 1967 848 2048 resurrexisse,
864 1967 918 2030 sed
935 1974 1183 2032 resurrecturum
1195 1976 1420 2034 asseverantes.

257 2070 341 2134 Mille
358 2091 479 2154 quoquo
495 2091 593 2133 annos
615 2076 686 2153 post
706 2069 968 2134 resurrectionem
985 2069 1019 2133 in
1040 2076 1164 2133 terreno
1186 2092 1282 2151 regno
1300 2072 1420 2153 Christi,

258 2282 317 2356 tur,
333 2275 415 2339 undo
432 2277 525 2338 etiam
542 2273 729 2339 ¹Chiliastae
746 2282 820 2338 sunt
835 2274 995 2359 appellati.

140 2394 189 2445 Cro
204 2394 239 2434 lx·
321 2377 468 2441 Nazaraei
486 2398 557 2441 cum
572 2378 622 2440 dei
639 2378 738 2441 lilium
754 2378 961 2441 confiteantur
976 2398 1045 2441 esse
1062 2377 1231 2458 Christum,
1254 2382 1361 2444 omnia
1375 2386 1420 2443 ta·

258 2502 332 2545 men
348 2483 461 2544 veteris
476 2478 553 2562 legis
570 2480 752 2561 observant,
772 2501 851 2563 quae
867 2478 1036 2543 Christiani
1056 2501 1112 2564 per
1134 2480 1341 2565 apostolicam
1360 2489 1420 2547 tra·

258 2584 409 2655 ditionem
427 2604 491 2647 nou
515 2582 680 2647 observare
696 2581 877 2663 carnaliter,
898 2582 954 2646 sed
969 2582 1152 2667 spiritaliter
1167 2582 1344 2666 intelligere
1359 2584 1420 2649 ¹di·

258 2686 410 2751 dicerunt.

151 2805 202 2856 Car·
215 2806 239 2844 x·
320 2790 493 2853 llehionaei
509 2787 667 2852 Christum
682 2789 778 2852 etiam
792 2786 1008 2851 tantummodo
1021 2786 1180 2852 hominem
1192 2788 1312 2852 dicunt.
1335 2790 1421 2856 Man·

258 2894 330 2957 data
346 2891 482 2957 carnalia
497 2891 573 2973 legis
587 2891 764 2972 observant,
780 2892 1051 2954 circumcisionem
1063 2890 1187 2955 scilicet
1199 2893 1315 2972 carnis,
1330 2898 1362 2957 ct
1373 2914 1420 2957 ce·

258 3002 324 3057 tera
345 3018 363 3057 a
384 3015 515 3077 quorum
536 2994 682 3057 oneribus
702 3014 758 3078 per
777 3014 894 3057 novum
913 2998 1136 3057 testamentum
1159 2992 1283 3058 liberati
1307 3014 1420 3059 sumus.

258 3100 337 3161 Huic
360 3095 481 3159 haeresi
498 3096 690 3181 Epiphanius
707 3096 893 3180 Sampsaeos
914 3101 946 3158 et
966 3096 1146 3160 ¹lllcesaeos
1167 3099 1212 3159 ita
1227 3096 1372 3181 copulat,
1392 3108 1420 3161 ut

259 3201 316 3264 sub
334 3198 444 3262 eodem
459 3220 588 3262 numero
604 3206 755 3282 tauquam
769 3220 833 3263 una
848 3200 890 3262 sit
903 3197 1042 3263 haeresis
1057 3205 1168 3283 ponat,
1184 3198 1304 3282 aliquid
1320 3207 1420 3265 tamen

259 3306 409 3366 interesse
422 3302 612 3382 significans,
625 3304 768 3385 quamvis
780 3309 812 3364 et
823 3304 855 3364 in
868 3302 1132 3385 consequentibus
1144 3300 1290 3384 loquatur
1302 3301 1341 3366 de
1352 3304 1420 3384 illis

259 3426 378 3490 ponens
394 3425 446 3467 eos
463 3404 521 3467 suh
537 3425 667 3468 numero
681 3424 747 3468 suo.
783 3403 955 3468 ²Eusebius
975 3424 1048 3467 voro
1062 3403 1291 3469 Elceeaitarum
1306 3413 1420 3471 sectam

260 3527 507 3571 commemorans
530 3507 624 3569 tidem
644 3508 676 3569 in
698 3509 915 3590 persecutione
931 3505 1008 3570 dicit
1022 3506 1198 3589 negandam
1213 3505 1377 3592 docuisse,
1395 3516 1420 3573 et

258 3614 291 3674 in
307 3610 399 3674 corde
416 3609 611 3673 seruandam.
753 3678 757 3687 ,

138 3730 189 3780 esp.
204 3731 239 3769 m.
320 3713 532 3777 Valentiniani
547 3734 566 3774 a
580 3709 762 3793 Valentino,
782 3714 834 3795 qui
855 3711 893 3775 dc
909 3717 1020 3775 natura
1039 3732 1143 3776 rorum
1162 3712 1263 3777 multa
1282 3714 1420 3782 fabulosa

258 3818 418 3896 continuit,
433 3817 562 3897 triginta
576 3814 711 3895 Aeonas,
726 3813 759 3877 id
775 3820 823 3877 est
838 3814 944 3878 secula
958 3835 1103 3878 asserens
1119 3818 1278 3897 extitisse,
1293 3838 1420 3901 quorum

257 3921 446 4003 principium
467 3939 535 3981 esse
551 3917 745 3981 Profundum
765 3923 798 3979 et
812 3917 994 3999 Silentium,
1015 3917 1307 4003 quodl'rosundum
1331 3924 1420 3985 etiam

256 4021 383 4084 Patrem
398 4020 565 4106 ¹appellat.
592 4018 639 4084 Ex
654 4020 768 4102 quibus
784 4019 904 4084 duobus
920 4020 1006 4084 velut
1021 4041 1060 4084 ex
1074 4023 1217 4104 coniugio
1231 4026 1420 4106 processisse

325 4190 387 4258 Cap.
401 4190 467 4244 Vlll.
480 4220 514 4229 -
533 4191 555 4243 l.
569 4189 708 4244 Chiliastae
720 4194 781 4242 sunt
792 4190 933 4259 appellati]
959 4190 1022 4242 Vide
1034 4190 1076 4242 aa.
1086 4188 1148 4242 XX.
1162 4191 1193 4243 de
1206 4189 1260 4243 Cir.
1268 4191 1322 4244 Dei
1332 4210 1392 4264 cup.
1400 4192 1420 4245 ⁷.

257 4258 386 4394 (Boni'dapi.
399 4327 445 4379 lx.
459 4359 492 4367 -
511 4329 532 4379 l.
545 4326 699 4393 didicerunt]
730 4326 793 4379 Vide
806 4328 848 4377 lib.
862 4327 885 4378 I.
899 4337 989 4378 ceretro
1003 4326 1163 4378 Crescom'um
1174 4344 1233 4396 cup.
1245 4326 1289 4379 31.
1303 4329 1420 4398 (Benedl

325 4395 386 4463 Cap.
400 4396 434 4448 X.
448 4425 480 4434 -
506 4397 526 4447 l.
545 4398 576 4447 Iu
599 4401 710 4463 ‹rutiqrua
731 4397 860 4447 codicibus
881 4400 1002 4463 scriptum
1023 4400 1162 4465 reperimus
1185 4414 1241 4447 cum
1264 4416 1297 4448 as
1316 4402 1420 4451 eratione

256 4464 426 4544 llelcesaeos,
443 4473 468 4513 et
483 4460 1046 4532 rostaHelcosaitarumseullelceeoitarum.
1073 4463 1194 4533 {Benedl
1246 4464 1271 4519 2.
1306 4466 1420 4533 asebias]

256 4532 542 4668 &weilaiiiylllllsais
551 4533 737 4664 dilatatatione,
755 4600 912 4653 Golderte'uua
924 4611 949 4653 et
965 4600 1108 4654 Vaticanus
1120 4602 1200 4654 codea
1215 4602 1331 4656 addant:
1346 4603 1419 4657 allen·

257 4670 322 4720 tium
335 4674 452 4721 matrem.
479 4667 599 4737 (Boned.)
