3046 5124
548 311 636 355 unu!
647 312 757 355 Pfflllfl·
1172 317 1233 385 263

68 471 204 539 ecclesia
218 470 438 552 Lateranensi,
458 490 521 534 una
535 490 609 534 voce
626 476 658 533 et
676 469 809 555 populus
824 470 983 536 Romanus
1003 477 1036 535 et
1055 470 1233 537 sacerdotes

68 577 103 641 in
121 573 247 641 eisdem
264 572 477 639 lorinianistis
496 576 530 636 et
552 575 620 658 ipso
640 571 801 638 Ioviniano
825 572 991 639 anathema
1010 573 1234 658 clamaverunt,

68 677 188 763 iuipso
203 678 293 741 initio
314 674 585 759 quadragesimae,
605 681 712 740 saneto
727 675 896 741 Anastasio
916 679 1062 761 episcopo
1082 678 1232 743 antistite.

68 778 215 865 Denique
228 780 347 863 inipso
361 777 541 843 authentica
555 776 753 844 hebdomada
772 778 906 864 paschae
926 782 1048 844 inventi
1066 786 1140 847 nunt
1156 799 1232 865 epu·

68 880 174 949 lantes
189 888 221 947 et
234 901 398 968 porcorum
413 880 560 944 carnibus
575 881 733 945 trahentes
749 885 906 964 convivia,
921 885 965 945 ita
986 889 1021 946 nt
1040 903 1146 947 assum
1160 904 1233 967 por-

68 1006 160 1068 cum,
182 1004 276 1070 quem
289 986 324 1047 in
338 1004 448 1048 mensa
462 1004 569 1049 eorum
584 985 784 1066 invenerant,
802 985 910 1069 populi
925 985 1003 1050 collo
1018 988 1085 1049 eius
1100 1006 1233 1070 suspeu-

69 1089 196 1171 dereut,
215 1093 248 1153 et
265 1089 313 1151 ita
326 1107 398 1151 eum
412 1092 580 1171 pertatem
595 1089 754 1151 civitatem
769 1087 907 1152 lacerent
925 1088 1065 1152 circuire.
1102 1088 1236 1173 Scripsit

69 1194 170 1257 etism
184 1196 293 1257 eonha
306 1190 362 1254 hos
374 1190 582 1272 Hieronymus
597 1189 761 1274 presbyter
776 1196 876 1255 certos
891 1189 998 1273 libros,
1013 1212 1090 1275 quos
1103 1194 1156 1274 qui
1167 1191 1233 1276 ple-

68 1296 144 1361 nius
159 1292 279 1377 legcrit,
294 1299 326 1357 et
340 1298 457 1376 quanta
472 1291 555 1356 hona
569 1293 730 1374 virginitas
746 1299 778 1356 et
792 1296 985 1358 continentia
1000 1301 1031 1363 et
1045 1292 1235 1359 abstinentia

68 1390 187 1465 habeat
197 1395 301 1478 discit,
314 1403 346 1459 et
355 1402 471 1479 quanta
482 1394 566 1458 mala
576 1395 712 1459 edacitas
724 1395 884 1460 etluxuria
893 1396 1007 1462 haheat
1017 1397 1234 1482 perhorrescit.
1253 1408 1303 1461 0³1¹·
1320 1407 1435 1450 mm

135 1498 365 1582 Octogesimam
381 1504 413 1562 et
427 1499 552 1562 tertiam
566 1497 720 1562 haeresim
735 1500 768 1561 in
780 1504 867 1562 sexto
879 1498 958 1563 libro
971 1499 1235 1586 historiographus

70 1607 178 1667 noster
190 1600 451 1686 ponitllnsebius,
466 1621 559 1683 qnam
569 1620 626 1664 noe
636 1600 829 1685 Epiphanius
840 1600 956 1665 alicubi
967 1604 1162 1684 memoravit,
1175 1622 1234 1666 neo

69 1703 263 1788 Polycrates,
279 1724 337 1767 neo
350 1704 529 1784 Africanus,
544 1722 603 1767 noc
618 1702 783 1784 Hesiodus,
804 1706 857 1786 qui
874 1705 990 1769 Graeco
1006 1724 1148 1770 sermone
1163 1707 1234 1768 uui-

69 1826 180 1873 versas
195 1806 341 1871 haeresos
356 1805 569 1870 describentes
591 1805 749 1869 volumina
762 1805 931 1870 multorum
952 1807 1118 1871 condidere
1139 1807 1234 1873 libro-

70 1930 151 1975 rum.
184 1909 222 1973 Iu
237 1916 324 1973 sexto
340 1911 456 1994 itaque,
471 1915 506 1973 ut
517 1909 593 1989 dixi,
608 1907 686 1972 libro
699 1914 804 1972 narrat
815 1908 978 1991 Eusebius,
994 1931 1062 1974 esse
1074 1913 1108 1974 in
1119 1911 1236 1976 Arabia

70 2012 259 2094 haereticos,
276 2032 406 2096 qnorum
423 2015 496 2096 quia
507 2016 666 2075 auctorem
682 2032 745 2075 non
757 2017 920 2094 memorat,
935 2034 991 2076 nos
1003 2034 1169 2097 possumus
1182 2034 1236 2079 eos

69 2135 254 2201 nuncupare
274 2115 441 2181 Arabicas:
467 2116 524 2197 Hi,
545 2116 662 2197 inquit,
689 2112 796 2177 dieunt
814 2115 935 2178 animas
962 2136 1033 2179 eum
1053 2115 1234 2200 corporibus

70 2222 153 2285 mori
166 2225 260 2303 atque
276 2217 421 2298 dissolvi,
436 2225 468 2281 et
482 2220 515 2280 in
531 2217 593 2281 fine
613 2215 730 2280 saeculi
744 2221 910 2299 utrumque
929 2219 1075 2302 reparari.
1099 2217 1163 2282 Sed
1177 2217 1234 2283 hos

72 2322 284 2409 disputatione
301 2320 436 2403 Originis
451 2340 564 2402 magua
578 2324 730 2383 memorat
744 2339 783 2382 ex
797 2325 886 2403 parte
901 2325 1071 2384 revocatos.
1253 2347 1304 2401 esp.
1315 2346 1429 2391 aranu.

135 2424 367 2508 Ootcgesimam
388 2429 420 2486 et
438 2428 582 2507 quartam
601 2423 763 2486 haeresem
781 2421 984 2488 Helvidiancs
1005 2443 1174 2508 occupasse
1195 2423 1234 2489 ab

70 2527 217 2595 Helvidio
232 2547 451 2592 memoramus.
490 2528 549 2603 Qui
571 2527 614 2588 ita
634 2526 806 2607 virginitati
827 2532 953 2590 sanctae
974 2526 1088 2591 Mariae
1110 2533 1234 2592 eontra·

72 2630 193 2713 dicunt,
206 2636 243 2694 ut
258 2651 326 2694 eam
342 2628 449 2693 dicant
464 2628 501 2692 de
517 2603 715 2713 loseph⁶p0st
729 2629 925 2693 nativitatem
938 2629 1054 2695 Christi
1065 2628 1142 2696 alios
1154 2630 1234 2695 filios

71 2736 244 2823 peperisse.
280 2733 338 2796 Isti
354 2732 480 2815 quidem
494 2752 609 2816 nuper,
629 2731 662 2795 id
683 2736 731 2794 est
751 2730 808 2795 sub
826 2730 937 2813 Sirioio
952 2733 1162 2798 Romanorum
1176 2754 1233 2798 an·

72 2839 173 2903 tistite
188 2838 249 2901 orti
264 2843 347 2918 sunt,
362 2841 394 2898 et
408 2856 464 2919 per
479 2834 602 2899 Italiam
616 2840 709 2917 atquo
722 2833 839 2898 Galbae
855 2834 1036 2899 direxerunt
1050 2856 1123 2900 suos
1139 2836 1233 2901 disci-

29 3016 32 3025 *
71 2939 173 3028 pulos.
191 2939 305 3005 Contra
316 2938 372 3003 hos
385 2939 511 3022 scripsit
525 2938 733 3020 Hieronymus
746 2936 852 3001 doctor
864 2941 1005 3020 egregius
1018 2938 1112 3004 ¹duos
1127 2939 1236 3023 libros,

72 3064 151 3129 quoe
173 3041 271 3107 lectos
290 3045 323 3106 iu
344 3047 483 3126 tompore
504 3040 598 3122 digna
618 3061 671 3104 eos
686 3041 882 3105 execratione
901 3038 1234 3110 ²anathematizab'aut.

71 3144 267 3233 Epiphanius
282 3151 387 3210 autem
401 3150 518 3226 noster,
537 3149 692 3208 scrutator
711 3143 949 3227 haeretieorum,
969 3146 1111 3212 scribens
1127 3155 1236 3214 eontra

71 3250 131 3319 hos
146 3248 298 3330 libehum,
318 3251 372 3332 qui
387 3250 420 3311 in
435 3247 487 3312 illo
503 3253 641 3331 tempore
664 3244 744 3311 hanc
760 3245 961 3332 blasphemiis
980 3248 1108 3334 plenam
1127 3250 1234 3317 adaer-

72 3354 193 3419 tionem
206 3351 416 3437 proferebant,
430 3351 706 3415 Antidicomaritas
722 3371 775 3416 eos
791 3353 913 3416 censuit
927 3353 1087 3438 appellari.
1253 3381 1304 3435 cap.
1317 3376 1418 3424 cmv.

138 3453 367 3538 Oetegesimam
383 3460 414 3518 et
429 3457 570 3538 quintam
585 3453 746 3518 haeresem
757 3453 938 3520 Paterniani
949 3457 1112 3522 inchoasse
1124 3458 1234 3542 legun-

72 3565 134 3627 tur.
169 3559 212 3624 Hi
225 3559 389 3622 inferiores
404 3558 533 3622 humani
549 3559 685 3643 corporis
700 3564 806 3644 partes
821 3571 915 3624 noua
930 3559 999 3641 deo,
1014 3560 1070 3626 sod
1082 3584 1100 3624 a
1112 3561 1234 3627 diabolo

72 3662 172 3731 tatas
188 3663 366 3747 opinantur,
387 3667 418 3726 et
433 3664 572 3727 omnium
587 3681 626 3726 ex
639 3660 703 3725 illis
717 3662 860 3748 partibus
875 3661 1061 3745 flagitiorum
1075 3664 1235 3732 licentiam

72 3767 247 3833 tribuentes
263 3767 472 3850 impurissime
487 3768 606 3829 vivunt.
642 3764 706 3829 Hos
727 3765 802 3830 dum
815 3765 969 3830 Damasus
985 3766 1148 3831 damnaret
1168 3771 1233 3853 epi·

72 3888 188 3956 scopus
207 3868 346 3933 detectos
366 3868 552 3951 inscelere,
572 3867 750 3933 huiusmodi
770 3868 809 3933 de
828 3868 878 3932 his
900 3870 933 3932 in
952 3867 1102 3934 relatione
1122 3878 1179 3935 sua
1193 3871 1234 3937 ad

72 3972 329 4040 Valentinianum
349 3975 498 4037 maiorem
518 3974 645 4057 scripsit
666 3970 789 4037 dicens:
816 3969 903 4035 Scire
924 3971 1064 4037 volumus
1084 3976 1234 4060 pietatem

72 4080 213 4143 uestram
233 4075 458 4140 ¹Venustianos
473 4078 506 4140 in
521 4074 637 4140 scelere
652 4077 832 4159 turpissimo
855 4073 993 4139 detectos
1009 4075 1047 4139 ab
1063 4078 1234 4162 apostohca

120 4226 375 4299 Gap.LXXXlV.-
388 4228 410 4278 l.
420 4226 480 4279 Non
489 4229 557 4290 duca,
565 4230 611 4279 sed
617 4245 691 4278 aanor
700 4226 900 4294 scripsitdoctor
908 4231 1032 4278 maximus
1041 4227 1233 4281 cdoersoaHel-

73 4299 178 4360 cids'um,
186 4306 332 4349 attrectatum
347 4297 477 4347 Vollorato
485 4299 513 4347 a'o
518 4300 632 4364 praesot.
640 4298 677 4347 ad
683 4295 709 4347 S.
716 4295 865 4360 Hieronymi
875 4293 983 4363 Operam
993 4305 1048 4350 tom.
1059 4297 1082 4350 J.
1107 4296 1232 4352 ‚XXIIL

74 4384 140 4420 aava.
152 4364 195 4421 33.
240 4364 317 4421 Gall.)
368 4364 392 4417 2.
408 4361 663 4417 anathematizabunt
673 4364 723 4417 lis.
736 4363 803 4429 Acq.
815 4361 1049 4418 anathematizabat
1058 4315 1108 4421 lii.
1121 4367 1232 4420 Ducena.

127 4433 164 4487 (la
183 4432 221 4488 .L
250 4433 336 4487 XXV.
350 4461 382 4471 -
404 4431 427 4486 l.
441 4433 481 4484 De
496 4431 656 4485 Vesceriaaia
666 4433 820 4499 verbosaret
828 4429 855 4485 S.
864 4431 1021 4500 Anqustiaua
1029 4435 1070 4487 ot.
1082 4437 1113 4486 dc
1124 4434 1232 4489 Haeret.

76 4520 135 4575 cup.
147 4450 199 4566 dl,
212 4513 237 4554 ct
247 4505 289 4555 let.
309 4501 337 4555 V.
351 4511 439 4553 contra
452 4502 547 4554 Iulian.
561 4518 618 4570 cap.
634 4502 658 4555 7.
670 4519 735 4554 num.
747 4499 793 4554 26.
827 4499 870 4552 Ea
885 4499 932 4553 boc
948 4511 1029 4554 uatem
1040 4504 1234 4557 Pracdeatc'aati

75 4572 131 4625 leco
146 4581 230 4624 censet
247 4571 368 4624 Baliarica
391 4570 555 4622 Venustr'uuos
564 4573 648 4638 scisse
665 4589 690 4623 α.
703 4567 730 4622 S.
744 4568 857 4619 Damaso
874 4571 1006 4624 damnatos
1020 4574 1166 4625 incensatio
1182 4573 1232 4625 llo·

75 4658 151 4693 sacac
163 4640 204 4694 ll.
217 4659 282 4693 coac
295 4638 410 4694 CCCLX
416 4638 479 4693 Vll.
492 4647 586 4721 coacta
621 4638 690 4722 ‚Vid‘
700 4640 737 4690 aas
749 4637 849 4722 Collect.
862 4636 1232 4724 Ooacil.tom.ll.puq.10d8

77 4711 117 4767 ad.
134 4707 416 4764 retrocesserunt
433 4710 464 4763 de
475 4707 516 4762 tea
526 4706 664 4762 tumetceu
674 4707 799 4773 corradus,
815 4724 839 4762 a
854 4707 927 4774 lubet,
938 4710 971 4766 ct.
988 4709 1176 4781 Wssrcbayscor
1187 4711 1231 4765 lat.
