3046 5124
264 339 326 405 194
761 341 928 382 rmnramo.

263 494 333 579 plns
354 493 491 578 poterat)
512 515 568 558 serr
588 514 650 559 non
664 499 770 579 parvis
785 495 999 586 voluminibus
1015 497 1143 580 qnidam
1157 497 1269 562 Celsus
1283 498 1424 563 absoluit

262 597 328 661 Nec
343 596 501 678 redarguit
514 596 661 680 aliquem,
677 597 733 662 sed
747 604 871 663 tantum
885 599 961 682 quid
976 600 1147 689 ¹sentirent
1158 603 1293 684 aperuit,
1308 622 1346 664 ea
1356 601 1424 664 bre·

262 703 358 763 vitate
374 702 537 779 sermonis,
552 707 587 762 ut
601 706 725 764 tantum
740 701 904 765 adhiberet
919 701 1043 785 eloquii,
1059 709 1210 785 quantum
1224 705 1272 767 rei
1285 724 1346 768 uec
1362 702 1425 767 lan·

262 801 382 866 dandae
404 823 461 866 nec
483 803 706 886 vituperandae
729 825 786 867 nec
808 802 1011 867 affirmandae
1034 812 1089 868 aut
1110 805 1344 893 defendendae,
1372 805 1426 870 sed

262 904 447 988 aperiendae
468 904 715 988 indicandaeque
736 907 909 988 sufficeret,
930 927 1002 970 cum
1021 908 1119 972 ferme
1140 914 1269 972 centum
1287 908 1425 993 philoso-

261 1008 339 1091 phos
361 1010 570 1084 nominasset;
599 1029 730 1091 quorum
750 1030 814 1073 non
834 1030 942 1073 omnes
963 1012 1168 1075 instituerunt
1187 1010 1336 1075 haereses
1354 1032 1424 1096 pro·

260 1113 361 1194 prias,
383 1113 530 1193 quoniam
544 1131 602 1173 nec
624 1110 694 1175 illos
710 1111 858 1175 tacendos
873 1115 997 1196 putavit
1017 1115 1070 1196 qni
1086 1134 1159 1177 suos
1174 1115 1345 1196 magistros
1360 1115 1425 1176 sine

260 1212 325 1276 ulla
340 1212 536 1277 dissensione
552 1214 650 1276 secuti
667 1219 749 1278 sunt.
783 1214 897 1278 Noster
911 1235 985 1279 vero
1000 1215 1195 1300 Epiphanius
1210 1216 1345 1300 Cyprius
1361 1216 1425 1299 epi·

261 1337 390 1400 scopus,
411 1316 525 1379 abhinc
545 1337 609 1380 uon
629 1314 719 1397 louge
739 1316 884 1380 humanis
905 1318 999 1382 rebus
1015 1323 1194 1402 exemptus,
1214 1317 1254 1382 de
1270 1319 1427 1400 octoginta

259 1419 444 1482 haeresibus
465 1418 596 1501 loquens
617 1439 672 1482 sex
692 1419 788 1483 libros
810 1422 905 1483 etiam
926 1422 1128 1505 conscripsit,
1147 1419 1298 1485 historica
1319 1440 1424 1484 narra·

259 1524 342 1585 tione
360 1542 606 1585 commemorans
622 1522 741 1603 omnia,
762 1521 848 1585 nulla
863 1521 1074 1607 disputatione
1090 1522 1239 1586 adversus
1255 1522 1424 1587 falsitatem

259 1646 315 1709 pro
331 1627 462 1687 veritate
479 1624 651 1687 decertans.
674 1623 790 1687 Breves
806 1646 881 1688 sane
899 1631 973 1688 sunt
987 1624 1101 1706 libelli,
1121 1631 1153 1688 et
1171 1627 1199 1690 si
1218 1627 1252 1689 iu
1272 1645 1373 1689 unum
1387 1624 1423 1690 li·

259 1726 378 1792 bellum
393 1726 589 1810 redigantur,
604 1747 662 1790 nec
678 1728 745 1809 ipsc
762 1729 822 1790 erit
836 1730 952 1791 uostris
968 1725 1019 1792 vel
1033 1726 1166 1792 aliomm
1181 1727 1373 1811 quibusdam
1387 1727 1423 1792 li·

261 1831 326 1894 bris
342 1828 536 1912 longitudine
552 1828 790 1913 comparandus.
823 1829 924 1892 Huius
940 1831 1127 1894 brevitatem
1145 1832 1173 1894 si
1187 1831 1275 1895 fuero
1289 1834 1325 1895 in
1341 1851 1422 1896 oom-

261 1932 471 1996 memorandis
486 1932 668 1995 haeresibus
683 1933 840 2012 imitatus,
861 1931 936 2015 quid
956 1954 975 1996 a
993 1954 1044 1997 me
1061 1933 1186 1996 brevius
1201 1933 1362 2017 postulare
1375 1931 1423 1998 vel

261 2043 426 2120 expectare
444 2034 558 2099 debeas
573 2056 636 2097 uon
651 2034 792 2098 habebis.
816 2032 879 2098 Sed
893 2055 957 2098 non
972 2034 1017 2099 ibi
1032 2034 1124 2100 huius
1135 2036 1199 2099 mei
1209 2034 1328 2101 laboris
1340 2057 1422 2101 sunr-

259 2160 312 2202 ma
328 2141 482 2219 consistit,
498 2137 581 2222 quod
596 2143 628 2200 et
641 2137 701 2200 tibi
715 2136 764 2200 vel
779 2157 829 2200 me
846 2136 1095 2219 demonstrante,
1109 2137 1271 2203 ueletiam
1284 2143 1318 2202 te
1333 2158 1421 2223 pree·

260 2248 403 2306 currente
415 2243 530 2325 poterit
540 2260 700 2323 apparere,
716 2260 787 2303 curn
798 2238 857 2303 hoc
870 2240 981 2305 fecero.
1004 2239 1135 2305 Videbis
1151 2242 1236 2304 enim
1247 2243 1281 2304 in
1293 2262 1330 2306 eo
1342 2239 1422 2326 quod

260 2345 636 2429 supradictusepiscopus
651 2342 726 2405 feeit
742 2348 894 2424 quantum
909 2341 990 2406 desit
1005 2344 1091 2427 operi
1106 2342 1188 2425 quod
1200 2344 1268 2428 ipse
1279 2345 1330 2408 vis
1342 2344 1421 2409 fieri:

259 2449 488 2533 quantomagis
504 2444 587 2528 quod
602 2441 680 2526 ogo?
710 2444 758 2507 Tu
777 2465 912 2528 namque
934 2448 1075 2528 quamvis
1090 2444 1243 2527 breviter,
1258 2448 1421 2531 perstricte

259 2557 352 2633 atque
368 2550 564 2629 summatim,
584 2554 691 2611 tamen
706 2550 754 2611 vis
770 2549 865 2610 etiam
879 2547 1062 2631 responderi
1078 2551 1334 2613 commemoratis
1348 2549 1421 2614 hee·

260 2652 396 2734 nasibus,
412 2650 496 2735 quod
509 2651 562 2714 ille
577 2671 642 2715 non
657 2651 740 2714 fecit.
768 2649 831 2732 Ego
848 2671 919 2714 vero
935 2650 994 2714 hoo
1008 2653 1108 2732 magis
1123 2649 1193 2714 volo
1208 2651 1331 2733 facere,
1350 2652 1379 2715 si
1392 2656 1423 2714 et

260 2755 336 2819 deus
351 2754 445 2836 uelit,
466 2754 548 2817 unde
570 2755 670 2837 possit
689 2754 790 2816 omnis
806 2752 961 2834 haeresis,
982 2759 1014 2816 et
1033 2772 1112 2836 quae
1131 2758 1207 2817 noto
1224 2759 1275 2817 est
1294 2760 1421 2838 atquae

259 2862 379 2940 ignota,
394 2859 502 2937 vitari,
517 2862 549 2919 et
562 2854 647 2919 unde
661 2862 745 2920 recte
760 2858 861 2940 possit
876 2876 1078 2938 quaeeunque
1093 2857 1265 2920 innotuerit
1279 2856 1420 2931 iudicari.

258 2961 328 3024 Non
344 2963 428 3023 enim
445 2962 545 3023 omnis
562 2980 647 3022 error
661 2958 800 3023 haeresis
821 2964 871 3021 est
890 2960 1031 3042 quamvis
1051 2960 1153 3022 omnis
1167 2958 1324 3042 haeresis,
1344 2979 1420 3044 quae

258 3066 292 3126 in
307 3066 382 3126 vitio
398 3066 538 3146 ponitur,
558 3064 619 3125 nisi
635 3082 736 3125 errore
752 3059 855 3143 aliquo
871 3060 1010 3125 haeresis
1031 3081 1100 3125 esse
1114 3081 1179 3126 non
1193 3063 1303 3145 possit
1343 3060 1420 3140 Quid

259 3187 328 3248 ergo
345 3167 439 3228 saciat
453 3165 658 3245 haereticum,
679 3162 813 3245 regulari
834 3162 970 3246 quadam
990 3163 1172 3228 definitione
1188 3163 1420 3248 comprehendi,

258 3272 341 3333 sicut
355 3289 410 3349 ogo
426 3269 586 3348 existimo,
607 3272 661 3330 aut
682 3268 808 3331 omnino
829 3286 893 3329 non
911 3271 1016 3350 potest
1035 3271 1089 3330 aut
1104 3265 1288 3333 difficillime
1304 3271 1419 3350 potest:

258 3371 341 3456 qnod
356 3374 389 3434 in
404 3390 553 3454 processu
574 3369 666 3432 huius
682 3371 785 3455 operis
806 3366 1028 3450 declarabitur,
1049 3370 1076 3433 si
1098 3367 1174 3433 deus
1193 3369 1311 3432 rexerit
1329 3376 1418 3453 atque

258 3474 297 3538 ad
312 3474 346 3538 id
362 3472 445 3557 qnod
460 3472 588 3536 intendo
604 3471 785 3556 perduxerit
800 3467 1064 3555 ²disputationem
1078 3491 1191 3535 meam.
1220 3469 1303 3548 Quid
1317 3478 1419 3536 autern

256 3581 357 3662 prosit
371 3579 440 3661 ipsa
456 3577 628 3659 inquisitio,
644 3576 846 3638 etiamsinon
860 3576 1053 3657 potuerimus
1068 3571 1334 3658 comprehendere
1346 3595 1418 3660 quo·

256 3681 349 3744 modo
365 3684 406 3743 sit
421 3677 618 3742 definiendus
633 3676 824 3757 haereticus,
843 3697 899 3740 suo
920 3676 988 3740 loco
1007 3674 1179 3740 videndum
1198 3681 1293 3760 atque
1312 3676 1418 3742 dicen·

258 3784 332 3847 dum
347 3789 408 3846 est:
424 3802 497 3845 nam
513 3783 540 3844 si
554 3781 613 3844 hoc
629 3778 849 3863 comprehendi
864 3781 1014 3862 potuerit,
1035 3780 1107 3862 quis
1125 3797 1188 3844 non
1208 3778 1317 3843 videat
1335 3779 1418 3847 utili·

256 3893 305 3949 tas
321 3891 437 3969 quanta
452 3881 513 3948 sit?
541 3883 640 3947 Erunt
655 3902 726 3964 ergo
742 3881 861 3965 primae
876 3887 981 3965 partes
1001 3886 1104 3966 operis
1118 3882 1211 3946 huius
1226 3880 1266 3945 de
1280 3882 1418 3949 haeresi·

259 3989 315 4052 bus
331 4009 409 4073 quae
425 3992 497 4072 post
512 3985 627 4049 Christi
642 3983 812 4048 adventum
831 3990 924 4067 atque
945 4004 1112 4049 ascensum
1130 3983 1282 4049 adversus
1303 3985 1418 4053 doctri·

257 4112 330 4154 nam
344 4093 444 4176 ipsius
460 4091 632 4154 extiterunt
647 4093 678 4150 et
693 4094 850 4170 utcunque
866 4085 957 4150 nobis
971 4088 1166 4151 innotescere
1181 4090 1364 4171 potuerunt
1384 4088 1420 4155 ln

256 4194 480 4278 posterioribus
509 4197 613 4255 autem
640 4190 781 4274 partibus
807 4189 883 4273 quid
906 4189 1001 4252 faciat
1025 4188 1217 4253 haereticum
1243 4189 1419 4277 disputabi-

256 4302 316 4361 tur.
350 4296 429 4360 Cum
443 4315 515 4379 ergo
531 4293 676 4358 dominus
691 4291 885 4357 ascendisset
899 4294 932 4355 iu
947 4292 1085 4375 eaelum,
1103 4292 1137 4357 hi
1156 4292 1306 4358 haeretiei
1321 4295 1420 4361 exorh'

255 4405 344 4464 sunt:

308 4552 330 4604 l.
343 4549 450 4604 sentiret
462 4549 522 4602 libri
532 4553 587 4601 acra
605 4553 636 4612 ri,
654 4557 678 4601 et
688 4550 745 4603 edd.
757 4546 815 4604 Iob.
826 4546 997 4600 Amerbaedr'i
1014 4555 1039 4600 et
1053 4545 1113 4601 Des.
1127 4544 1241 4604 Bromi.
1295 4548 1321 4607 2.
1334 4548 1417 4624 diapo-

256 4620 377 4674 duanam
385 4618 570 4688 pleriqnels'br.
610 4615 655 4668 S&
