3046 5124
302 267 363 332 242
766 266 993 308 emersuram

302 421 417 486 Contra
437 441 513 505 quos
534 422 660 506 scripsit
680 421 889 486 Tertullianus
912 422 1076 507 presbyter
1097 421 1363 504 carthaginensis.
1400 422 1451 499 Qui

302 545 372 587 cum
393 525 497 587 omnia
522 523 599 585 berre
621 530 653 587 et
671 526 771 608 prime
792 529 822 587 et
841 524 1126 609 incomparabiliter
1144 526 1323 608 scripserit,
1345 525 1381 588 in
1401 522 1452 587 hoc

301 626 401 690 solum
422 647 454 688 se
478 625 753 710 reprehensibilem
773 627 863 708 fecit,
883 627 966 710 quod
985 626 1169 691 Montanum
1188 625 1346 708 defendit,
1365 646 1453 708 agens

301 735 408 793 eontra
422 727 562 792 Soterem
580 728 794 813 supradictum
810 729 895 794 urbis
915 750 1044 814 papam,
1064 749 1208 793 asserens
1228 727 1310 793 falsa
1331 749 1402 792 esso
1421 727 1454 793 de

300 831 448 914 sanguine
470 832 615 911 infantis,
634 831 807 894 trinitatem
821 834 855 894 in
869 834 987 895 unitate
1009 831 1149 912 deitatis,
1169 833 1400 916 paenitentiam
1413 830 1455 895 la·

300 937 374 1019 psiS,
389 935 545 1017 mysteriis
560 932 679 996 eisdem
694 953 791 996 unum
805 934 922 1017 pascha
936 934 1108 998 nobiscum.
1138 934 1205 998 lloc
1221 933 1324 998 solnm
1340 933 1454 997 discre-

298 1058 418 1121 pamus,
432 1038 543 1119 inquit,
556 1033 637 1118 quod
649 1034 802 1098 secundas
814 1038 939 1120 nuptias
951 1057 1014 1100 non
1025 1038 1204 1120 recipimus,
1219 1041 1252 1098 ot
1261 1035 1456 1121 prophetiam

297 1139 436 1203 Montani
451 1139 489 1201 de
504 1138 606 1200 futuro
621 1136 735 1201 iudicio
750 1158 814 1201 non
832 1158 1020 1201 recusamus.
1051 1137 1212 1202 Obiiciunt
1232 1137 1363 1221 quidam
1383 1139 1456 1203 Ter·

298 1241 426 1304 tulliano
443 1239 525 1324 quod
540 1241 677 1302 animam
692 1259 730 1301 ex
746 1239 887 1320 traduce,
907 1239 940 1303 id
959 1246 1008 1303 est
1029 1242 1166 1303 animam
1181 1239 1297 1304 dixerit
1315 1243 1363 1305 ita
1376 1242 1456 1323 gigni

298 1346 456 1406 exanima
475 1344 557 1405 sicut
575 1361 612 1404 ex
632 1341 812 1425 corporibus
835 1362 964 1426 corpus3
986 1341 1068 1425 quod
1089 1340 1244 1407 catholica
1263 1341 1344 1407 fides
1364 1343 1456 1407 vehs-

296 1453 418 1510 menter
433 1449 602 1508 execratur.

131 1559 180 1607 var·
193 1558 278 1598 XXVII·
358 1549 515 1611 Vicesima
530 1547 662 1630 septima
680 1545 816 1609 haeresis
837 1545 1099 1629 Pepuzianorum,
1120 1549 1173 1631 qui
1193 1568 1212 1610 a
1233 1546 1303 1612 loco
1324 1547 1457 1632 quodam

297 1652 450 1714 nominati
471 1655 559 1728 sunt,
583 1669 676 1730 (luam
696 1647 851 1711 desertam
866 1650 1025 1711 civitatem
1041 1648 1117 1713 dicit
1130 1649 1335 1733 Epiphanius.
1371 1650 1457 1715 Hanc

297 1759 401 1816 zeutem
425 1753 478 1815 isti
501 1751 641 1814 divinum
664 1749 781 1833 aliquid
803 1770 872 1813 esse
900 1750 1087 1815 arbitrantes
1108 1751 1308 1817 Hierusalem
1328 1759 1456 1829 vocant;

298 1861 419 1917 tantum
435 1853 544 1917 dantes
559 1852 742 1916 mulieribus
756 1854 977 1937 principatum,
998 1860 1033 1916 ut
1049 1853 1219 1918 sacerdotio
1235 1874 1362 1938 quoque
1376 1854 1455 1940 apud

297 1979 349 2021 eos
366 1956 564 2020 honorentur.
600 1955 717 2018 Dicunt
731 1956 814 2017 enirn
831 1954 907 2018 duas
924 1955 1082 2036 ecclesias,
1098 1955 1266 2032 Quintillae
1283 1963 1316 2020 et
1329 1957 1455 2021 Priscil-

297 2060 355 2140 lae,
371 2062 403 2121 in
419 2058 527 2121 eadem
544 2060 667 2121 civitate
683 2057 814 2141 Pepuza.
843 2056 949 2120 Unum
964 2063 1038 2121 sunt
1052 2078 1124 2122 cum
1138 2058 1353 2144 Cataphrygis.
1378 2060 1455 2123 Con·

297 2163 429 2246 temptui
444 2166 548 2224 autem
564 2180 616 2224 eos
632 2159 751 2223 habent
765 2158 847 2241 quod
862 2179 895 2222 se
912 2162 964 2223 isti
978 2160 1147 2244 Pepuziani
1163 2163 1275 2225 ceteris
1290 2164 1457 2227 aestiment

297 2264 449 2328 meliores.
486 2263 602 2326 Dicunt
617 2264 701 2324 enim
716 2262 797 2324 hanc
813 2261 969 2346 Pepunam
983 2261 1091 2327 villam
1105 2262 1202 2326 luisse
1216 2262 1372 2347 Montani,
1389 2264 1455 2329 Pri-

296 2388 366 2431 scae
382 2373 413 2428 et
427 2365 630 2445 Maximillae,
650 2371 681 2427 et
703 2366 776 2447 quia
795 2364 839 2428 ibi
862 2370 1030 2448 coeperunt
1048 2364 1243 2449 praedicare,
1263 2367 1357 2432 stibi
1371 2369 1455 2431 vixe-

295 2476 382 2549 runt,
403 2467 472 2531 ideo
494 2467 596 2532 locum
621 2464 770 2550 appellari
789 2465 993 2531 Hierusalem.
1029 2466 1069 2530 Et
1089 2469 1163 2551 quia
1183 2466 1377 2533 habitatores
1400 2469 1454 2535 loci

296 2571 463 2652 sontiates
482 2572 592 2633 ceteris
608 2590 640 2632 se
657 2589 725 2631 csse
741 2567 886 2633 meliores
901 2568 1091 2634 adscribunt.
1121 2570 1187 2635 Hos
1200 2570 1390 2655 Apollonius
1404 2592 1454 2637 su·

295 2676 414 2758 paravit
427 2671 632 2757 Ephesiorum
647 2673 820 2754 episcopus
1147 2699 1179 2763 2,

116 2783 167 2831 vnn·
181 2783 276 2823 xxvlss·
358 2777 515 2839 Vicesima
535 2781 644 2838 octava
664 2772 803 2836 haeresis
823 2772 1011 2855 Artotyritas
1037 2795 1109 2839 suos
1129 2781 1236 2856 vocat,
1261 2775 1379 2859 quibus
1399 2777 1455 2842 hoc

295 2900 408 2942 nomen
424 2877 539 2941 oblatio
556 2876 649 2940 dedit.
688 2875 830 2939 Oderunt
848 2878 1060 2960 enimpanem
1075 2883 1261 2959 etruscum,
1282 2878 1455 2945 dicentesa

295 2982 403 3064 primis
419 2978 596 3044 hominibus
613 2979 785 3042 oblationes
798 2977 855 3042 deo
871 2977 909 3042 de
924 2979 1076 3043 fructibus
1088 2985 1187 3044 terrae
1199 2985 1232 3043 et
1242 2983 1350 3045 ovium
1362 2982 1454 3047 luisse

295 3082 476 3147 celebratas.
513 3082 577 3145 llos
592 3082 778 3166 Pepuzianis
799 3082 900 3163 iungit
913 3080 1114 3165 Epiphanius.
1152 3082 1267 3148 Contra
1285 3104 1367 3167 quos
1385 3084 1454 3149 nul·

295 3184 342 3248 lus
359 3184 502 3266 dignatus
519 3192 638 3247 estnec
653 3182 746 3266 loqui.

143 3295 276 3342 ‹aram-
357 3286 514 3349 Vicesima
529 3306 611 3348 nona
625 3285 762 3348 haeresis
778 3285 1137 3353 Tessarescaedecatitac
1153 3287 1300 3353 dicuntur
1320 3309 1358 3354 eo
1375 3290 1456 3375 quod

295 3388 526 3472 quartadecima
543 3387 617 3450 luna
626 3387 743 3471 pascha
755 3387 924 3468 celebrant,
939 3388 1070 3470 quilibet
1081 3392 1274 3475 septimanae
1286 3397 1457 3459 occurrerit

294 3492 378 3573 dies,
400 3496 431 3552 et
450 3491 476 3553 si
492 3490 559 3552 dies
575 3488 749 3553 dominicus
765 3490 945 3570 incurrerit,
960 3491 1028 3574 ipso
1045 3491 1094 3555 die
1111 3494 1252 3557 ieiunant
1266 3499 1300 3557 et
1313 3496 1455 3578 vigilant

295 3596 360 3658 lloc
376 3599 498 3657 tantmn
513 3592 636 3655 anobis
652 3591 846 3675 discrepant,
867 3591 946 3655 nihil
962 3592 1055 3657 aliud.
1092 3594 1157 3658 Hos
1172 3601 1301 3661 sanctus
1321 3597 1456 3664 loannes

295 3693 610 3779 constantinopolites
631 3696 796 3777 episcopus
816 3693 872 3758 tali
892 3696 1061 3759 rationein
1079 3695 1186 3760 multis
1201 3699 1384 3766 civitatibus
1399 3702 1456 3767 ob·

295 3802 395 3862 tinuit.
432 3799 519 3863 Abiit
534 3818 605 3861 cum
620 3795 701 3860 clero
717 3817 784 3876 suo,
806 3802 838 3859 et
852 3818 924 3862 cum
939 3799 984 3861 eis
1000 3798 1118 3883 pascha
1132 3799 1314 3884 celebrarit,
1335 3803 1457 3887 dicens,

294 3902 381 3965 Sicut
395 3922 452 3965 nos
472 3900 633 3964 vobiscum
655 3897 880 3963 celebravimus
895 3900 1026 3984 pascha,
1045 3902 1149 3965 venite
1171 3907 1204 3965 et
1217 3922 1274 3969 vos
1288 3904 1456 3972 nobiscum

294 4006 453 4088 suscipite.
488 4003 517 4066 Α
533 4002 644 4084 quibus
661 4022 731 4064 erun
750 4001 808 4066 hoc
827 4003 1022 4085 impetravit,
1044 4011 1213 4089 coeperunt
1230 4025 1330 4071 unum
1344 4028 1455 4094 sapere

294 4113 325 4167 et
339 4108 503 4170 nobiscum
518 4105 673 4168 celebrare
690 4103 781 4166 diem.
818 4103 1033 4168 Probavcrunt
1053 4108 1137 4169 enim
1156 4112 1254 4172 totam
1268 4108 1344 4175 fidei
1362 4132 1454 4196 regn·

293 4207 355 4270 lam
371 4210 416 4271 sic
432 4228 489 4270 nos
505 4210 586 4270 sicut
603 4228 635 4269 se
651 4212 768 4287 tenore,
784 4208 829 4269 sic
845 4204 915 4270 illos
931 4209 1012 4271 sicut
1026 4229 1083 4272 nos
1099 4208 1235 4273 credere.

147 4315 198 4364 ἢν·
212 4316 274 4357 xll-
356 4310 526 4373 Tricesima
552 4309 689 4372 haeresis
711 4307 899 4390 Alogioram.
936 4309 1105 4394 Propterea
1126 4313 1171 4376 sic
1192 4318 1360 4398 vocantur,
1382 4318 1456 4400 quis

293 4482 350 4544 rap.
364 4460 443 4512 XIV.
455 4464 479 4525 §.
491 4461 515 4514 2.
527 4461 615 4528 Nepae
627 4463 776 4541 orniftendcs
787 4461 819 4513 cl.
832 4460 922 4512 acam
934 4463 965 4513 de
977 4461 1129 4531 Languerue
1140 4468 1167 4516 in
1181 4464 1320 4521 Dissertat.
1338 4468 1372 4521 de
1382 4468 1453 4522 Hae·

293 4550 342 4582 rear
354 4531 471 4581 Montana
482 4531 505 4593 §.
525 4528 604 4593 VIII,
612 4548 641 4597 p.
655 4528 713 4583 209.
731 4528 824 4596 (Gall.)
