<?xml version="1.0" encoding="UTF-8"?>
<!DOCTYPE html PUBLIC "-//W3C//DTD XHTML 1.0 Transitional//EN"
    "http://www.w3.org/TR/xhtml1/DTD/xhtml1-transitional.dtd">
<html xmlns="http://www.w3.org/1999/xhtml" xml:lang="en" lang="en">
 <head>
  <title>
</title>
<meta http-equiv="Content-Type" content="text/html;charset=utf-8" />
  <meta name='ocr-system' content='tesseract 3.04.00' />
  <meta name='ocr-capabilities' content='ocr_page ocr_carea ocr_par ocr_line ocrx_word'/>
</head>
<body>
  <div class='ocr_page' id='page_1' title='image "./corporishaerese02unkngoog_0208.png"; bbox 0 0 3046 5124; ppageno 0'>
   <div class='ocr_carea' id='block_1_1' title="bbox 150 1155 1156 1330">
    <p class='ocr_par' dir='ltr' id='par_1_1' title="bbox 150 1155 1156 1330">
     <span class='ocr_line' id='line_1_1' title="bbox 150 1155 1156 1228; baseline 0.005 -7"><span class='ocrx_word' id='word_1_1' title='bbox 150 1155 1156 1228; x_wconf 75' lang='lat' dir='ltr'><strong>¹onscussmoamomoosn1scono²euoovmrouo</strong></span> 
     </span>
     <span class='ocr_line' id='line_1_2' title="bbox 395 1274 905 1330; baseline 0.002 -2"><span class='ocrx_word' id='word_1_2' title='bbox 395 1274 654 1328; x_wconf 74' lang='lat' dir='ltr'><strong>recusemus</strong></span> <span class='ocrx_word' id='word_1_3' title='bbox 676 1274 905 1330; x_wconf 86' lang='lat' dir='ltr'><strong>urrscoros.</strong></span> 
     </span>
    </p>
   </div>
   <div class='ocr_carea' id='block_1_2' title="bbox 69 1431 1231 4293">
    <p class='ocr_par' dir='ltr' id='par_1_2' title="bbox 74 1431 1231 2136">
     <span class='ocr_line' id='line_1_3' title="bbox 133 1431 1229 1516; baseline 0.003 -20"><span class='ocrx_word' id='word_1_4' title='bbox 133 1431 283 1516; x_wconf 79' lang='lat' dir='ltr'><strong>Acceptis</strong></span> <span class='ocrx_word' id='word_1_5' title='bbox 301 1431 414 1496; x_wconf 89' lang='lat' dir='ltr'><strong>litteris</strong></span> <span class='ocrx_word' id='word_1_6' title='bbox 436 1433 574 1496; x_wconf 84' lang='lat' dir='ltr'><strong>caritatis</strong></span> <span class='ocrx_word' id='word_1_7' title='bbox 593 1437 681 1513; x_wconf 90' lang='lat' dir='ltr'><strong>tuae,</strong></span> <span class='ocrx_word' id='word_1_8' title='bbox 705 1432 759 1496; x_wconf 93' lang='lat' dir='ltr'><strong>ubi</strong></span> <span class='ocrx_word' id='word_1_9' title='bbox 779 1454 797 1495; x_wconf 86' lang='lat' dir='ltr'><strong>a</strong></span> <span class='ocrx_word' id='word_1_10' title='bbox 815 1453 866 1496; x_wconf 91' lang='lat' dir='ltr'><strong>me</strong></span> <span class='ocrx_word' id='word_1_11' title='bbox 888 1433 1105 1498; x_wconf 76' lang='lat' dir='ltr'><strong>ardentissImo</strong></span> <span class='ocrx_word' id='word_1_12' title='bbox 1128 1433 1229 1499; x_wconf 84' lang='lat' dir='ltr'><strong>studIo</strong></span> 
     </span>
     <span class='ocr_line' id='line_1_4' title="bbox 76 1523 1230 1620; baseline 0.003 -23"><span class='ocrx_word' id='word_1_13' title='bbox 76 1533 239 1619; x_wconf 86' lang='lat' dir='ltr'><strong>postulasti</strong></span> <span class='ocrx_word' id='word_1_14' title='bbox 258 1539 294 1596; x_wconf 88' lang='lat' dir='ltr'><strong>ut</strong></span> <span class='ocrx_word' id='word_1_15' title='bbox 313 1533 351 1598; x_wconf 93' lang='lat' dir='ltr'><strong>de</strong></span> <span class='ocrx_word' id='word_1_16' title='bbox 372 1536 516 1600; x_wconf 91' lang='lat' dir='ltr'><strong>omnibus</strong></span> <span class='ocrx_word' id='word_1_17' title='bbox 535 1535 718 1599; x_wconf 81' lang='lat' dir='ltr'><strong>haeresibus</strong></span> <span class='ocrx_word' id='word_1_18' title='bbox 738 1555 816 1619; x_wconf 90' lang='lat' dir='ltr'><strong>quae</strong></span> <span class='ocrx_word' id='word_1_19' title='bbox 837 1542 908 1620; x_wconf 85' lang='lat' dir='ltr'><strong>post</strong></span> <span class='ocrx_word' id='word_1_20' title='bbox 928 1523 1046 1600; x_wconf 84' lang='lat' dir='ltr'><strong>domini</strong></span> <span class='ocrx_word' id='word_1_21' title='bbox 1062 1536 1230 1601; x_wconf 87' lang='lat' dir='ltr'><strong>adventum</strong></span> 
     </span>
     <span class='ocr_line' id='line_1_5' title="bbox 75 1634 1230 1723; baseline 0.003 -22"><span class='ocrx_word' id='word_1_22' title='bbox 75 1634 222 1701; x_wconf 67' lang='lat' dir='ltr'><strong>adversus</strong></span> <span class='ocrx_word' id='word_1_23' title='bbox 243 1638 310 1700; x_wconf 90' lang='lat' dir='ltr'><strong>eius</strong></span> <span class='ocrx_word' id='word_1_24' title='bbox 326 1636 500 1702; x_wconf 76' lang='lat' dir='ltr'>doctrinam</span> <span class='ocrx_word' id='word_1_25' title='bbox 514 1636 745 1723; x_wconf 87' lang='lat' dir='ltr'><strong>pullulaverunt</strong></span> <span class='ocrx_word' id='word_1_26' title='bbox 759 1637 881 1720; x_wconf 92' lang='lat' dir='ltr'><strong>aliquid</strong></span> <span class='ocrx_word' id='word_1_27' title='bbox 895 1638 1032 1703; x_wconf 85' lang='lat' dir='ltr'><strong>breuiter</strong></span> <span class='ocrx_word' id='word_1_28' title='bbox 1051 1640 1230 1721; x_wconf 84' lang='lat' dir='ltr'><strong>scriberem,</strong></span> 
     </span>
     <span class='ocr_line' id='line_1_6' title="bbox 75 1739 1230 1828; baseline 0.002 -24"><span class='ocrx_word' id='word_1_29' title='bbox 75 1757 166 1824; x_wconf 86' lang='lat' dir='ltr'><strong>quam</strong></span> <span class='ocrx_word' id='word_1_30' title='bbox 189 1739 309 1803; x_wconf 88' lang='lat' dir='ltr'><strong>sithoc</strong></span> <span class='ocrx_word' id='word_1_31' title='bbox 339 1739 467 1805; x_wconf 85' lang='lat' dir='ltr'><strong>difficile</strong></span> <span class='ocrx_word' id='word_1_32' title='bbox 496 1743 641 1805; x_wconf 89' lang='lat' dir='ltr'><strong>continuo</strong></span> <span class='ocrx_word' id='word_1_33' title='bbox 673 1747 798 1826; x_wconf 89' lang='lat' dir='ltr'><strong>reporta</strong></span> <span class='ocrx_word' id='word_1_34' title='bbox 819 1742 981 1806; x_wconf 81' lang='lat' dir='ltr'><strong>occasione</strong></span> <span class='ocrx_word' id='word_1_35' title='bbox 1003 1744 1150 1826; x_wconf 89' lang='lat' dir='ltr'><strong>rescripsi</strong></span> <span class='ocrx_word' id='word_1_36' title='bbox 1175 1762 1230 1828; x_wconf 90' lang='lat' dir='ltr'><strong>por</strong></span> 
     </span>
     <span class='ocr_line' id='line_1_7' title="bbox 74 1841 1231 1929; baseline 0.002 -23"><span class='ocrx_word' id='word_1_37' title='bbox 74 1841 171 1908; x_wconf 86' lang='lat' dir='ltr'><strong>tilium</strong></span> <span class='ocrx_word' id='word_1_38' title='bbox 192 1862 298 1907; x_wconf 90' lang='lat' dir='ltr'><strong>meum</strong></span> <span class='ocrx_word' id='word_1_39' title='bbox 319 1843 570 1929; x_wconf 90' lang='lat' dir='ltr'><strong>Hipponensium</strong></span> <span class='ocrx_word' id='word_1_40' title='bbox 591 1845 774 1928; x_wconf 90' lang='lat' dir='ltr'><strong>primarium</strong></span> <span class='ocrx_word' id='word_1_41' title='bbox 796 1843 1005 1927; x_wconf 76' lang='lat' dir='ltr'><strong>philocalum,</strong></span> <span class='ocrx_word' id='word_1_42' title='bbox 1030 1866 1103 1910; x_wconf 85' lang='lat' dir='ltr'><strong>mox</strong></span> <span class='ocrx_word' id='word_1_43' title='bbox 1126 1852 1231 1909; x_wconf 90' lang='lat' dir='ltr'><strong>autem</strong></span> 
     </span>
     <span class='ocr_line' id='line_1_8' title="bbox 74 1945 1231 2031; baseline 0.001 -20"><span class='ocrx_word' id='word_1_44' title='bbox 74 1947 167 2011; x_wconf 87' lang='lat' dir='ltr'><strong>etiarn</strong></span> <span class='ocrx_word' id='word_1_45' title='bbox 189 1948 252 2009; x_wconf 88' lang='lat' dir='ltr'><strong>ista</strong></span> <span class='ocrx_word' id='word_1_46' title='bbox 274 1945 378 2009; x_wconf 88' lang='lat' dir='ltr'><strong>oblata</strong></span> <span class='ocrx_word' id='word_1_47' title='bbox 399 1951 448 2009; x_wconf 88' lang='lat' dir='ltr'><strong>est</strong></span> <span class='ocrx_word' id='word_1_48' title='bbox 469 1967 531 2031; x_wconf 88' lang='lat' dir='ltr'><strong>qua</strong></span> <span class='ocrx_word' id='word_1_49' title='bbox 551 1966 635 2010; x_wconf 90' lang='lat' dir='ltr'><strong>nunc</strong></span> <span class='ocrx_word' id='word_1_50' title='bbox 656 1946 792 2012; x_wconf 87' lang='lat' dir='ltr'><strong>rescribo</strong></span> <span class='ocrx_word' id='word_1_51' title='bbox 813 1952 845 2010; x_wconf 91' lang='lat' dir='ltr'><strong>et</strong></span> <span class='ocrx_word' id='word_1_52' title='bbox 866 1947 1000 2013; x_wconf 88' lang='lat' dir='ltr'><strong>breviter</strong></span> <span class='ocrx_word' id='word_1_53' title='bbox 1015 1947 1231 2013; x_wconf 77' lang='lat' dir='ltr'><strong>difficultatem</strong></span> 
     </span>
     <span class='ocr_line' id='line_1_9' title="bbox 74 2048 412 2136; baseline -0.015 -21"><span class='ocrx_word' id='word_1_54' title='bbox 74 2050 175 2136; x_wconf 90' lang='lat' dir='ltr'><strong>operis</strong></span> <span class='ocrx_word' id='word_1_55' title='bbox 191 2050 258 2113; x_wconf 92' lang='lat' dir='ltr'><strong>eius</strong></span> <span class='ocrx_word' id='word_1_56' title='bbox 274 2048 412 2113; x_wconf 91' lang='lat' dir='ltr'><strong>ostendo.</strong></span> 
     </span>
    </p>

    <p class='ocr_par' dir='ltr' id='par_1_3' title="bbox 69 2150 1230 4293">
     <span class='ocr_line' id='line_1_10' title="bbox 132 2150 1229 2238; baseline 0 -19"><span class='ocrx_word' id='word_1_57' title='bbox 132 2151 319 2219; x_wconf 82' lang='lat' dir='ltr'><strong>PhiIestrius</strong></span> <span class='ocrx_word' id='word_1_58' title='bbox 342 2151 469 2236; x_wconf 87' lang='lat' dir='ltr'><strong>quidam</strong></span> <span class='ocrx_word' id='word_1_59' title='bbox 491 2150 680 2216; x_wconf 82' lang='lat' dir='ltr'><strong>³Brixiensis</strong></span> <span class='ocrx_word' id='word_1_60' title='bbox 703 2153 883 2238; x_wconf 89' lang='lat' dir='ltr'><strong>episcopus,</strong></span> <span class='ocrx_word' id='word_1_61' title='bbox 906 2172 1000 2235; x_wconf 90' lang='lat' dir='ltr'><strong>quem</strong></span> <span class='ocrx_word' id='word_1_62' title='bbox 1027 2174 1100 2219; x_wconf 90' lang='lat' dir='ltr'><strong>cum</strong></span> <span class='ocrx_word' id='word_1_63' title='bbox 1121 2158 1229 2219; x_wconf 91' lang='lat' dir='ltr'><strong>sancto</strong></span> 
     </span>
     <span class='ocr_line' id='line_1_11' title="bbox 73 2248 1230 2340; baseline -0.001 -20"><span class='ocrx_word' id='word_1_64' title='bbox 73 2248 238 2320; x_wconf 79' lang='lat' dir='ltr'><strong>Ambrosio</strong></span> <span class='ocrx_word' id='word_1_65' title='bbox 253 2252 421 2319; x_wconf 89' lang='lat' dir='ltr'><strong>Mediolani</strong></span> <span class='ocrx_word' id='word_1_66' title='bbox 438 2256 533 2318; x_wconf 89' lang='lat' dir='ltr'><strong>etianr</strong></span> <span class='ocrx_word' id='word_1_67' title='bbox 548 2257 615 2340; x_wconf 87' lang='lat' dir='ltr'><strong>lpse</strong></span> <span class='ocrx_word' id='word_1_68' title='bbox 626 2254 703 2337; x_wconf 89' lang='lat' dir='ltr'><strong>vidi,</strong></span> <span class='ocrx_word' id='word_1_69' title='bbox 718 2256 845 2339; x_wconf 76' lang='lat' dir='ltr'><strong>scripsit</strong></span> <span class='ocrx_word' id='word_1_70' title='bbox 858 2255 931 2317; x_wconf 92' lang='lat' dir='ltr'><strong>hinc</strong></span> <span class='ocrx_word' id='word_1_71' title='bbox 947 2253 1072 2336; x_wconf 91' lang='lat' dir='ltr'><strong>librum,</strong></span> <span class='ocrx_word' id='word_1_72' title='bbox 1087 2277 1144 2319; x_wconf 90' lang='lat' dir='ltr'><strong>neo</strong></span> <span class='ocrx_word' id='word_1_73' title='bbox 1160 2255 1230 2320; x_wconf 88' lang='lat' dir='ltr'><strong>illos</strong></span> 
     </span>
     <span class='ocr_line' id='line_1_12' title="bbox 73 2356 1230 2443; baseline -0.001 -20"><span class='ocrx_word' id='word_1_74' title='bbox 73 2356 218 2423; x_wconf 83' lang='lat' dir='ltr'><strong>haereses</strong></span> <span class='ocrx_word' id='word_1_75' title='bbox 233 2362 484 2443; x_wconf 79' lang='lat' dir='ltr'><strong>praetermittens</strong></span> <span class='ocrx_word' id='word_1_76' title='bbox 500 2377 577 2440; x_wconf 89' lang='lat' dir='ltr'><strong>quae</strong></span> <span class='ocrx_word' id='word_1_77' title='bbox 595 2359 626 2421; x_wconf 84' lang='lat' dir='ltr'><strong>In</strong></span> <span class='ocrx_word' id='word_1_78' title='bbox 641 2356 755 2442; x_wconf 93' lang='lat' dir='ltr'><strong>populo</strong></span> <span class='ocrx_word' id='word_1_79' title='bbox 766 2356 880 2422; x_wconf 88' lang='lat' dir='ltr'><strong>Iudaeo</strong></span> <span class='ocrx_word' id='word_1_80' title='bbox 892 2359 1018 2421; x_wconf 86' lang='lat' dir='ltr'><strong>luerunt</strong></span> <span class='ocrx_word' id='word_1_81' title='bbox 1029 2365 1100 2422; x_wconf 89' lang='lat' dir='ltr'><strong>ante</strong></span> <span class='ocrx_word' id='word_1_82' title='bbox 1112 2359 1230 2422; x_wconf 83' lang='lat' dir='ltr'><strong>aduen-</strong></span> 
     </span>
     <span class='ocr_line' id='line_1_13' title="bbox 73 2460 1229 2545; baseline -0.001 -20"><span class='ocrx_word' id='word_1_83' title='bbox 73 2465 138 2525; x_wconf 82' lang='lat' dir='ltr'><strong>tum</strong></span> <span class='ocrx_word' id='word_1_84' title='bbox 153 2460 285 2541; x_wconf 84' lang='lat' dir='ltr'><strong>domiai,</strong></span> <span class='ocrx_word' id='word_1_85' title='bbox 300 2480 413 2543; x_wconf 85' lang='lat' dir='ltr'><strong>easque</strong></span> <span class='ocrx_word' id='word_1_86' title='bbox 428 2461 538 2541; x_wconf 76' lang='lat' dir='ltr'><strong>rIgInti</strong></span> <span class='ocrx_word' id='word_1_87' title='bbox 555 2467 622 2523; x_wconf 89' lang='lat' dir='ltr'><strong>octo</strong></span> <span class='ocrx_word' id='word_1_88' title='bbox 639 2463 903 2543; x_wconf 69' lang='lat' dir='ltr'><strong>commemoraui,</strong></span> <span class='ocrx_word' id='word_1_89' title='bbox 919 2467 1032 2545; x_wconf 87' lang='lat' dir='ltr'><strong>etpost</strong></span> <span class='ocrx_word' id='word_1_90' title='bbox 1044 2462 1162 2525; x_wconf 89' lang='lat' dir='ltr'><strong>domini</strong></span> <span class='ocrx_word' id='word_1_91' title='bbox 1174 2460 1229 2525; x_wconf 85' lang='lat' dir='ltr'><strong>ad-</strong></span> 
     </span>
     <span class='ocr_line' id='line_1_14' title="bbox 72 2562 1229 2648; baseline 0 -21"><span class='ocrx_word' id='word_1_92' title='bbox 72 2569 201 2628; x_wconf 82' lang='lat' dir='ltr'><strong>uentum</strong></span> <span class='ocrx_word' id='word_1_93' title='bbox 216 2562 377 2627; x_wconf 81' lang='lat' dir='ltr'>CXXVIII.</span> <span class='ocrx_word' id='word_1_94' title='bbox 416 2562 549 2647; x_wconf 86' lang='lat' dir='ltr'><strong>Scripsit</strong></span> <span class='ocrx_word' id='word_1_95' title='bbox 567 2565 662 2625; x_wconf 90' lang='lat' dir='ltr'><strong>etiam</strong></span> <span class='ocrx_word' id='word_1_96' title='bbox 683 2563 757 2626; x_wconf 90' lang='lat' dir='ltr'><strong>hino</strong></span> <span class='ocrx_word' id='word_1_97' title='bbox 779 2564 894 2627; x_wconf 86' lang='lat' dir='ltr'><strong>Graeco</strong></span> <span class='ocrx_word' id='word_1_98' title='bbox 914 2566 1078 2648; x_wconf 90' lang='lat' dir='ltr'><strong>episcopus</strong></span> <span class='ocrx_word' id='word_1_99' title='bbox 1098 2566 1229 2648; x_wconf 87' lang='lat' dir='ltr'><strong>Cyprius</strong></span> 
     </span>
     <span class='ocr_line' id='line_1_15' title="bbox 72 2664 1230 2753; baseline -0.001 -21"><span class='ocrx_word' id='word_1_100' title='bbox 72 2664 276 2753; x_wconf 80' lang='lat' dir='ltr'><strong>EpIphanius,</strong></span> <span class='ocrx_word' id='word_1_101' title='bbox 289 2667 323 2728; x_wconf 90' lang='lat' dir='ltr'><strong>in</strong></span> <span class='ocrx_word' id='word_1_102' title='bbox 339 2665 482 2729; x_wconf 81' lang='lat' dir='ltr'><strong>doctriua</strong></span> <span class='ocrx_word' id='word_1_103' title='bbox 496 2664 664 2728; x_wconf 88' lang='lat' dir='ltr'><strong>catholicae</strong></span> <span class='ocrx_word' id='word_1_104' title='bbox 678 2666 750 2730; x_wconf 85' lang='lat' dir='ltr'><strong>fidei</strong></span> <span class='ocrx_word' id='word_1_105' title='bbox 762 2666 960 2733; x_wconf 88' lang='lat' dir='ltr'><strong>laudabiliter</strong></span> <span class='ocrx_word' id='word_1_106' title='bbox 971 2665 1158 2747; x_wconf 83' lang='lat' dir='ltr'><strong>diffamatus,</strong></span> <span class='ocrx_word' id='word_1_107' title='bbox 1174 2666 1230 2731; x_wconf 91' lang='lat' dir='ltr'><strong>sed</strong></span> 
     </span>
     <span class='ocr_line' id='line_1_16' title="bbox 72 2767 1228 2854; baseline 0 -20"><span class='ocrx_word' id='word_1_108' title='bbox 72 2770 138 2854; x_wconf 86' lang='lat' dir='ltr'><strong>ipse</strong></span> <span class='ocrx_word' id='word_1_109' title='bbox 152 2771 315 2850; x_wconf 91' lang='lat' dir='ltr'><strong>utriusque</strong></span> <span class='ocrx_word' id='word_1_110' title='bbox 337 2771 486 2852; x_wconf 88' lang='lat' dir='ltr'><strong>temporis</strong></span> <span class='ocrx_word' id='word_1_111' title='bbox 508 2767 653 2832; x_wconf 85' lang='lat' dir='ltr'><strong>haereses</strong></span> <span class='ocrx_word' id='word_1_112' title='bbox 676 2769 824 2851; x_wconf 85' lang='lat' dir='ltr'><strong>colligens</strong></span> <span class='ocrx_word' id='word_1_113' title='bbox 840 2769 948 2833; x_wconf 87' lang='lat' dir='ltr'>LXXX</span> <span class='ocrx_word' id='word_1_114' title='bbox 970 2769 1150 2853; x_wconf 84' lang='lat' dir='ltr'><strong>complexus</strong></span> <span class='ocrx_word' id='word_1_115' title='bbox 1172 2776 1228 2834; x_wconf 85' lang='lat' dir='ltr'><strong>est</strong></span> 
     </span>
     <span class='ocr_line' id='line_1_17' title="bbox 72 2870 1228 2956; baseline -0.002 -18"><span class='ocrx_word' id='word_1_116' title='bbox 72 2870 237 2954; x_wconf 73' lang='lat' dir='ltr'><strong>(Inmergo</strong></span> <span class='ocrx_word' id='word_1_117' title='bbox 252 2870 344 2935; x_wconf 90' lang='lat' dir='ltr'><strong>ambo</strong></span> <span class='ocrx_word' id='word_1_118' title='bbox 359 2871 393 2934; x_wconf 92' lang='lat' dir='ltr'><strong>id</strong></span> <span class='ocrx_word' id='word_1_119' title='bbox 410 2870 525 2933; x_wconf 89' lang='lat' dir='ltr'><strong>vellent</strong></span> <span class='ocrx_word' id='word_1_120' title='bbox 538 2871 640 2934; x_wconf 85' lang='lat' dir='ltr'><strong>lacere</strong></span> <span class='ocrx_word' id='word_1_121' title='bbox 655 2871 738 2954; x_wconf 90' lang='lat' dir='ltr'><strong>quod</strong></span> <span class='ocrx_word' id='word_1_122' title='bbox 753 2893 772 2934; x_wconf 88' lang='lat' dir='ltr'><strong>a</strong></span> <span class='ocrx_word' id='word_1_123' title='bbox 785 2893 836 2935; x_wconf 92' lang='lat' dir='ltr'><strong>me</strong></span> <span class='ocrx_word' id='word_1_124' title='bbox 851 2875 942 2956; x_wconf 88' lang='lat' dir='ltr'><strong>potis,</strong></span> <span class='ocrx_word' id='word_1_125' title='bbox 958 2879 1109 2955; x_wconf 87' lang='lat' dir='ltr'><strong>quantum</strong></span> <span class='ocrx_word' id='word_1_126' title='bbox 1123 2880 1228 2936; x_wconf 89' lang='lat' dir='ltr'><strong>tamen</strong></span> 
     </span>
     <span class='ocr_line' id='line_1_18' title="bbox 72 2972 1229 3059; baseline 0 -19"><span class='ocrx_word' id='word_1_127' title='bbox 72 2976 153 3040; x_wconf 88' lang='lat' dir='ltr'><strong>inter</strong></span> <span class='ocrx_word' id='word_1_128' title='bbox 168 2994 202 3038; x_wconf 90' lang='lat' dir='ltr'><strong>se</strong></span> <span class='ocrx_word' id='word_1_129' title='bbox 219 2973 364 3037; x_wconf 83' lang='lat' dir='ltr'><strong>differant</strong></span> <span class='ocrx_word' id='word_1_130' title='bbox 379 2972 418 3037; x_wconf 92' lang='lat' dir='ltr'><strong>de</strong></span> <span class='ocrx_word' id='word_1_131' title='bbox 433 2994 562 3037; x_wconf 92' lang='lat' dir='ltr'><strong>numero</strong></span> <span class='ocrx_word' id='word_1_132' title='bbox 577 2975 703 3037; x_wconf 89' lang='lat' dir='ltr'><strong>iuterim</strong></span> <span class='ocrx_word' id='word_1_133' title='bbox 723 2979 877 3038; x_wconf 83' lang='lat' dir='ltr'><strong>sectorum</strong></span> <span class='ocrx_word' id='word_1_134' title='bbox 896 2974 998 3037; x_wconf 90' lang='lat' dir='ltr'><strong>vides:</strong></span> <span class='ocrx_word' id='word_1_135' title='bbox 1020 2974 1103 3057; x_wconf 92' lang='lat' dir='ltr'><strong>quod</strong></span> <span class='ocrx_word' id='word_1_136' title='bbox 1121 2978 1229 3059; x_wconf 91' lang='lat' dir='ltr'><strong>utique</strong></span> 
     </span>
     <span class='ocr_line' id='line_1_19' title="bbox 71 3075 1229 3158; baseline 0.002 -16"><span class='ocrx_word' id='word_1_137' title='bbox 71 3096 135 3143; x_wconf 85' lang='lat' dir='ltr'><strong>uon</strong></span> <span class='ocrx_word' id='word_1_138' title='bbox 150 3079 318 3157; x_wconf 88' lang='lat' dir='ltr'><strong>evenisset,</strong></span> <span class='ocrx_word' id='word_1_139' title='bbox 332 3077 394 3139; x_wconf 87' lang='lat' dir='ltr'><strong>nisi</strong></span> <span class='ocrx_word' id='word_1_140' title='bbox 409 3075 493 3139; x_wconf 89' lang='lat' dir='ltr'><strong>aliud</strong></span> <span class='ocrx_word' id='word_1_141' title='bbox 508 3078 562 3139; x_wconf 91' lang='lat' dir='ltr'><strong>uni</strong></span> <span class='ocrx_word' id='word_1_142' title='bbox 577 3097 684 3139; x_wconf 91' lang='lat' dir='ltr'><strong>eorum</strong></span> <span class='ocrx_word' id='word_1_143' title='bbox 695 3076 853 3140; x_wconf 79' lang='lat' dir='ltr'><strong>alderetur</strong></span> <span class='ocrx_word' id='word_1_144' title='bbox 864 3098 932 3140; x_wconf 91' lang='lat' dir='ltr'><strong>esse</strong></span> <span class='ocrx_word' id='word_1_145' title='bbox 943 3077 1092 3158; x_wconf 88' lang='lat' dir='ltr'><strong>haeresis,</strong></span> <span class='ocrx_word' id='word_1_146' title='bbox 1103 3086 1136 3142; x_wconf 88' lang='lat' dir='ltr'><strong>et</strong></span> <span class='ocrx_word' id='word_1_147' title='bbox 1146 3079 1229 3144; x_wconf 88' lang='lat' dir='ltr'><strong>aliud</strong></span> 
     </span>
     <span class='ocr_line' id='line_1_20' title="bbox 71 3177 1230 3267; baseline 0.001 -22"><span class='ocrx_word' id='word_1_148' title='bbox 71 3178 171 3245; x_wconf 74' lang='lat' dir='ltr'><strong>alteri</strong></span> <span class='ocrx_word' id='word_1_149' title='bbox 207 3177 315 3262; x_wconf 88' lang='lat' dir='ltr'><strong>Neque</strong></span> <span class='ocrx_word' id='word_1_150' title='bbox 335 3181 418 3241; x_wconf 84' lang='lat' dir='ltr'><strong>enlm</strong></span> <span class='ocrx_word' id='word_1_151' title='bbox 438 3178 612 3262; x_wconf 88' lang='lat' dir='ltr'><strong>potandum</strong></span> <span class='ocrx_word' id='word_1_152' title='bbox 630 3186 679 3241; x_wconf 87' lang='lat' dir='ltr'><strong>est</strong></span> <span class='ocrx_word' id='word_1_153' title='bbox 700 3179 819 3262; x_wconf 87' lang='lat' dir='ltr'><strong>ahquas</strong></span> <span class='ocrx_word' id='word_1_154' title='bbox 839 3183 997 3262; x_wconf 85' lang='lat' dir='ltr'><strong>ignorasse</strong></span> <span class='ocrx_word' id='word_1_155' title='bbox 1011 3180 1230 3267; x_wconf 86' lang='lat' dir='ltr'><strong>Epiphaniam,</strong></span> 
     </span>
     <span class='ocr_line' id='line_1_21' title="bbox 71 3281 1228 3368; baseline 0 -20"><span class='ocrx_word' id='word_1_156' title='bbox 71 3303 148 3368; x_wconf 78' lang='lat' dir='ltr'><strong>quas</strong></span> <span class='ocrx_word' id='word_1_157' title='bbox 163 3287 294 3347; x_wconf 87' lang='lat' dir='ltr'><strong>noverat</strong></span> <span class='ocrx_word' id='word_1_158' title='bbox 306 3281 502 3361; x_wconf 84' lang='lat' dir='ltr'><strong>Philostrius,</strong></span> <span class='ocrx_word' id='word_1_159' title='bbox 518 3302 589 3345; x_wconf 91' lang='lat' dir='ltr'><strong>oum</strong></span> <span class='ocrx_word' id='word_1_160' title='bbox 602 3281 809 3366; x_wconf 82' lang='lat' dir='ltr'><strong>Epiphanirun</strong></span> <span class='ocrx_word' id='word_1_161' title='bbox 825 3283 914 3364; x_wconf 84' lang='lat' dir='ltr'><strong>louge</strong></span> <span class='ocrx_word' id='word_1_162' title='bbox 929 3282 1094 3349; x_wconf 88' lang='lat' dir='ltr'><strong>PhiIastrio</strong></span> <span class='ocrx_word' id='word_1_163' title='bbox 1111 3285 1228 3350; x_wconf 89' lang='lat' dir='ltr'><strong>doctio-</strong></span> 
     </span>
     <span class='ocr_line' id='line_1_22' title="bbox 71 3384 1228 3469; baseline 0 -18"><span class='ocrx_word' id='word_1_164' title='bbox 71 3406 137 3451; x_wconf 86' lang='lat' dir='ltr'><strong>rem</strong></span> <span class='ocrx_word' id='word_1_165' title='bbox 151 3386 380 3464; x_wconf 78' lang='lat' dir='ltr'><strong>invenerimus,</strong></span> <span class='ocrx_word' id='word_1_166' title='bbox 400 3386 445 3447; x_wconf 86' lang='lat' dir='ltr'><strong>ita</strong></span> <span class='ocrx_word' id='word_1_167' title='bbox 464 3390 499 3447; x_wconf 93' lang='lat' dir='ltr'><strong>ut</strong></span> <span class='ocrx_word' id='word_1_168' title='bbox 513 3384 715 3448; x_wconf 82' lang='lat' dir='ltr'><strong>Philostrium</strong></span> <span class='ocrx_word' id='word_1_169' title='bbox 734 3387 838 3469; x_wconf 89' lang='lat' dir='ltr'><strong>potius</strong></span> <span class='ocrx_word' id='word_1_170' title='bbox 859 3385 961 3449; x_wconf 87' lang='lat' dir='ltr'><strong>dicero</strong></span> <span class='ocrx_word' id='word_1_171' title='bbox 982 3386 1167 3451; x_wconf 88' lang='lat' dir='ltr'><strong>deberemus</strong></span> <span class='ocrx_word' id='word_1_172' title='bbox 1183 3387 1228 3451; x_wconf 89' lang='lat' dir='ltr'><strong>la-</strong></span> 
     </span>
     <span class='ocr_line' id='line_1_23' title="bbox 71 3486 1228 3574; baseline -0.003 -19"><span class='ocrx_word' id='word_1_173' title='bbox 71 3492 170 3555; x_wconf 84' lang='lat' dir='ltr'><strong>tuisse</strong></span> <span class='ocrx_word' id='word_1_174' title='bbox 185 3486 352 3572; x_wconf 89' lang='lat' dir='ltr'><strong>plurimas,</strong></span> <span class='ocrx_word' id='word_1_175' title='bbox 367 3488 394 3550; x_wconf 91' lang='lat' dir='ltr'><strong>si</strong></span> <span class='ocrx_word' id='word_1_176' title='bbox 409 3493 515 3551; x_wconf 88' lang='lat' dir='ltr'><strong>tamen</strong></span> <span class='ocrx_word' id='word_1_177' title='bbox 530 3486 634 3571; x_wconf 91' lang='lat' dir='ltr'><strong>plures</strong></span> <span class='ocrx_word' id='word_1_178' title='bbox 650 3494 734 3551; x_wconf 87' lang='lat' dir='ltr'><strong>esset</strong></span> <span class='ocrx_word' id='word_1_179' title='bbox 747 3486 799 3551; x_wconf 92' lang='lat' dir='ltr'><strong>ille</strong></span> <span class='ocrx_word' id='word_1_180' title='bbox 815 3488 1010 3574; x_wconf 83' lang='lat' dir='ltr'><strong>complexus,</strong></span> <span class='ocrx_word' id='word_1_181' title='bbox 1031 3496 1063 3553; x_wconf 90' lang='lat' dir='ltr'><strong>et</strong></span> <span class='ocrx_word' id='word_1_182' title='bbox 1076 3493 1135 3553; x_wconf 88' lang='lat' dir='ltr'><strong>isto</strong></span> <span class='ocrx_word' id='word_1_183' title='bbox 1151 3510 1228 3574; x_wconf 89' lang='lat' dir='ltr'><strong>pau-</strong></span> 
     </span>
     <span class='ocr_line' id='line_1_24' title="bbox 71 3588 1230 3677; baseline -0.003 -19"><span class='ocrx_word' id='word_1_184' title='bbox 71 3594 181 3659; x_wconf 89' lang='lat' dir='ltr'><strong>ciores.</strong></span> <span class='ocrx_word' id='word_1_185' title='bbox 204 3588 268 3654; x_wconf 88' lang='lat' dir='ltr'><strong>Sed</strong></span> <span class='ocrx_word' id='word_1_186' title='bbox 282 3589 390 3674; x_wconf 85' lang='lat' dir='ltr'><strong>procul</strong></span> <span class='ocrx_word' id='word_1_187' title='bbox 406 3589 499 3653; x_wconf 89' lang='lat' dir='ltr'><strong>dubio</strong></span> <span class='ocrx_word' id='word_1_188' title='bbox 515 3591 548 3653; x_wconf 95' lang='lat' dir='ltr'><strong>in</strong></span> <span class='ocrx_word' id='word_1_189' title='bbox 564 3609 601 3653; x_wconf 88' lang='lat' dir='ltr'><strong>ea</strong></span> <span class='ocrx_word' id='word_1_190' title='bbox 616 3592 809 3673; x_wconf 89' lang='lat' dir='ltr'><strong>quaestione,</strong></span> <span class='ocrx_word' id='word_1_191' title='bbox 824 3590 878 3656; x_wconf 93' lang='lat' dir='ltr'><strong>ubi</strong></span> <span class='ocrx_word' id='word_1_192' title='bbox 895 3590 1086 3677; x_wconf 87' lang='lat' dir='ltr'><strong>disceptatur</strong></span> <span class='ocrx_word' id='word_1_193' title='bbox 1101 3592 1177 3676; x_wconf 90' lang='lat' dir='ltr'><strong>quid</strong></span> <span class='ocrx_word' id='word_1_194' title='bbox 1188 3595 1230 3656; x_wconf 81' lang='lat' dir='ltr'><strong>stt</strong></span> 
     </span>
     <span class='ocr_line' id='line_1_25' title="bbox 69 3691 1228 3773; baseline -0.003 -12"><span class='ocrx_word' id='word_1_195' title='bbox 69 3694 226 3773; x_wconf 86' lang='lat' dir='ltr'><strong>haeresis,</strong></span> <span class='ocrx_word' id='word_1_196' title='bbox 239 3713 303 3756; x_wconf 90' lang='lat' dir='ltr'><strong>non</strong></span> <span class='ocrx_word' id='word_1_197' title='bbox 319 3691 404 3756; x_wconf 90' lang='lat' dir='ltr'><strong>idem</strong></span> <span class='ocrx_word' id='word_1_198' title='bbox 418 3692 584 3757; x_wconf 87' lang='lat' dir='ltr'><strong>videbatur</strong></span> <span class='ocrx_word' id='word_1_199' title='bbox 600 3692 767 3770; x_wconf 87' lang='lat' dir='ltr'><strong>ambobus;</strong></span> <span class='ocrx_word' id='word_1_200' title='bbox 789 3701 821 3757; x_wconf 87' lang='lat' dir='ltr'><strong>et</strong></span> <span class='ocrx_word' id='word_1_201' title='bbox 835 3715 943 3758; x_wconf 81' lang='lat' dir='ltr'><strong>revera</strong></span> <span class='ocrx_word' id='word_1_202' title='bbox 956 3694 1014 3758; x_wconf 90' lang='lat' dir='ltr'><strong>hoe</strong></span> <span class='ocrx_word' id='word_1_203' title='bbox 1031 3697 1157 3759; x_wconf 89' lang='lat' dir='ltr'><strong>omniuo</strong></span> <span class='ocrx_word' id='word_1_204' title='bbox 1173 3693 1228 3758; x_wconf 89' lang='lat' dir='ltr'><strong>de·</strong></span> 
     </span>
     <span class='ocr_line' id='line_1_26' title="bbox 70 3795 1228 3879; baseline -0.002 -16"><span class='ocrx_word' id='word_1_205' title='bbox 70 3797 161 3863; x_wconf 83' lang='lat' dir='ltr'><strong>linire</strong></span> <span class='ocrx_word' id='word_1_206' title='bbox 178 3795 304 3860; x_wconf 85' lang='lat' dir='ltr'><strong>difficile</strong></span> <span class='ocrx_word' id='word_1_207' title='bbox 320 3801 383 3876; x_wconf 88' lang='lat' dir='ltr'><strong>est,</strong></span> <span class='ocrx_word' id='word_1_208' title='bbox 398 3802 430 3858; x_wconf 92' lang='lat' dir='ltr'><strong>et</strong></span> <span class='ocrx_word' id='word_1_209' title='bbox 444 3796 513 3860; x_wconf 86' lang='lat' dir='ltr'><strong>Ideo</strong></span> <span class='ocrx_word' id='word_1_210' title='bbox 530 3796 718 3879; x_wconf 91' lang='lat' dir='ltr'><strong>cavendum,</strong></span> <span class='ocrx_word' id='word_1_211' title='bbox 740 3817 811 3860; x_wconf 90' lang='lat' dir='ltr'><strong>oum</strong></span> <span class='ocrx_word' id='word_1_212' title='bbox 827 3818 934 3862; x_wconf 89' lang='lat' dir='ltr'><strong>omnes</strong></span> <span class='ocrx_word' id='word_1_213' title='bbox 949 3800 982 3860; x_wconf 90' lang='lat' dir='ltr'><strong>in</strong></span> <span class='ocrx_word' id='word_1_214' title='bbox 998 3817 1163 3860; x_wconf 88' lang='lat' dir='ltr'><strong>numerum</strong></span> <span class='ocrx_word' id='word_1_215' title='bbox 1178 3819 1228 3861; x_wconf 88' lang='lat' dir='ltr'><strong>re·</strong></span> 
     </span>
     <span class='ocr_line' id='line_1_27' title="bbox 72 3898 1228 3984; baseline 0 -20"><span class='ocrx_word' id='word_1_216' title='bbox 72 3898 177 3984; x_wconf 78' lang='lat' dir='ltr'><strong>digere</strong></span> <span class='ocrx_word' id='word_1_217' title='bbox 189 3919 347 3978; x_wconf 88' lang='lat' dir='ltr'><strong>conamur,</strong></span> <span class='ocrx_word' id='word_1_218' title='bbox 359 3919 398 3960; x_wconf 92' lang='lat' dir='ltr'><strong>ne</strong></span> <span class='ocrx_word' id='word_1_219' title='bbox 410 3903 693 3982; x_wconf 84' lang='lat' dir='ltr'><strong>praetermittamus</strong></span> <span class='ocrx_word' id='word_1_220' title='bbox 705 3900 836 3983; x_wconf 89' lang='lat' dir='ltr'><strong>aliquas,</strong></span> <span class='ocrx_word' id='word_1_221' title='bbox 848 3902 989 3983; x_wconf 85' lang='lat' dir='ltr'><strong>quamuis</strong></span> <span class='ocrx_word' id='word_1_222' title='bbox 997 3899 1142 3963; x_wconf 88' lang='lat' dir='ltr'><strong>haereses</strong></span> <span class='ocrx_word' id='word_1_223' title='bbox 1155 3902 1228 3982; x_wconf 89' lang='lat' dir='ltr'><strong>siut,</strong></span> 
     </span>
     <span class='ocr_line' id='line_1_28' title="bbox 71 4001 1228 4086; baseline -0.002 -17"><span class='ocrx_word' id='word_1_224' title='bbox 71 4008 126 4069; x_wconf 72' lang='lat' dir='ltr'><strong>eut</strong></span> <span class='ocrx_word' id='word_1_225' title='bbox 137 4021 381 4067; x_wconf 82' lang='lat' dir='ltr'><strong>annumeremus</strong></span> <span class='ocrx_word' id='word_1_226' title='bbox 396 4002 531 4086; x_wconf 88' lang='lat' dir='ltr'><strong>aliquas,</strong></span> <span class='ocrx_word' id='word_1_227' title='bbox 552 4024 623 4066; x_wconf 92' lang='lat' dir='ltr'><strong>cum</strong></span> <span class='ocrx_word' id='word_1_228' title='bbox 641 4003 785 4067; x_wconf 90' lang='lat' dir='ltr'><strong>haereses</strong></span> <span class='ocrx_word' id='word_1_229' title='bbox 805 4024 867 4066; x_wconf 92' lang='lat' dir='ltr'><strong>non</strong></span> <span class='ocrx_word' id='word_1_230' title='bbox 888 4005 961 4066; x_wconf 82' lang='lat' dir='ltr'><strong>sInt.</strong></span> <span class='ocrx_word' id='word_1_231' title='bbox 997 4001 1076 4065; x_wconf 93' lang='lat' dir='ltr'><strong>Vide</strong></span> <span class='ocrx_word' id='word_1_232' title='bbox 1098 4022 1169 4085; x_wconf 84' lang='lat' dir='ltr'><strong>orgo</strong></span> <span class='ocrx_word' id='word_1_233' title='bbox 1189 4025 1228 4067; x_wconf 94' lang='lat' dir='ltr'><strong>ne</strong></span> 
     </span>
     <span class='ocr_line' id='line_1_29' title="bbox 70 4103 1227 4190; baseline -0.004 -16"><span class='ocrx_word' id='word_1_234' title='bbox 70 4106 149 4174; x_wconf 83' lang='lat' dir='ltr'><strong>Iorte</strong></span> <span class='ocrx_word' id='word_1_235' title='bbox 165 4104 280 4169; x_wconf 89' lang='lat' dir='ltr'><strong>librom</strong></span> <span class='ocrx_word' id='word_1_236' title='bbox 296 4107 396 4168; x_wconf 83' lang='lat' dir='ltr'><strong>sancti</strong></span> <span class='ocrx_word' id='word_1_237' title='bbox 409 4105 576 4190; x_wconf 86' lang='lat' dir='ltr'><strong>Epiphanii</strong></span> <span class='ocrx_word' id='word_1_238' title='bbox 590 4106 648 4169; x_wconf 90' lang='lat' dir='ltr'><strong>tihi</strong></span> <span class='ocrx_word' id='word_1_239' title='bbox 662 4108 785 4170; x_wconf 86' lang='lat' dir='ltr'><strong>mittere</strong></span> <span class='ocrx_word' id='word_1_240' title='bbox 802 4105 931 4171; x_wconf 88' lang='lat' dir='ltr'><strong>debeam</strong></span> <span class='ocrx_word' id='word_1_241' title='bbox 948 4103 1063 4189; x_wconf 90' lang='lat' dir='ltr'><strong>(ipsum</strong></span> <span class='ocrx_word' id='word_1_242' title='bbox 1078 4107 1162 4169; x_wconf 93' lang='lat' dir='ltr'><strong>enim</strong></span> <span class='ocrx_word' id='word_1_243' title='bbox 1177 4128 1227 4169; x_wconf 85' lang='lat' dir='ltr'><strong>sr-</strong></span> 
     </span>
     <span class='ocr_line' id='line_1_30' title="bbox 70 4206 1226 4293; baseline -0.003 -16"><span class='ocrx_word' id='word_1_244' title='bbox 70 4206 171 4277; x_wconf 68' lang='lat' dir='ltr'><strong>bihor</strong></span> <span class='ocrx_word' id='word_1_245' title='bbox 183 4207 350 4273; x_wconf 81' lang='lat' dir='ltr'><strong>Philostrio</strong></span> <span class='ocrx_word' id='word_1_246' title='bbox 366 4207 487 4272; x_wconf 86' lang='lat' dir='ltr'><strong>doctius</strong></span> <span class='ocrx_word' id='word_1_247' title='bbox 501 4208 574 4272; x_wconf 87' lang='lat' dir='ltr'><strong>hiuo</strong></span> <span class='ocrx_word' id='word_1_248' title='bbox 590 4208 755 4293; x_wconf 87' lang='lat' dir='ltr'><strong>locutum),</strong></span> <span class='ocrx_word' id='word_1_249' title='bbox 778 4210 830 4291; x_wconf 89' lang='lat' dir='ltr'><strong>qui</strong></span> <span class='ocrx_word' id='word_1_250' title='bbox 850 4209 950 4292; x_wconf 91' lang='lat' dir='ltr'><strong>possit</strong></span> <span class='ocrx_word' id='word_1_251' title='bbox 968 4208 1051 4292; x_wconf 90' lang='lat' dir='ltr'><strong>apud</strong></span> <span class='ocrx_word' id='word_1_252' title='bbox 1066 4208 1226 4293; x_wconf 81' lang='lat' dir='ltr'><strong>Carthagi·</strong></span> 
     </span>
    </p>
   </div>
   <div class='ocr_carea' id='block_1_3' title="bbox 71 4393 1226 4657">
    <p class='ocr_par' dir='ltr' id='par_1_4' title="bbox 71 4393 1226 4657">
     <span class='ocr_line' id='line_1_31' title="bbox 124 4393 1226 4519; baseline 0.001 -70"><span class='ocrx_word' id='word_1_253' title='bbox 124 4396 147 4449; x_wconf 91' lang='lat' dir='ltr'><strong>l.</strong></span> <span class='ocrx_word' id='word_1_254' title='bbox 157 4394 220 4449; x_wconf 83' lang='lat' dir='ltr'><strong>Hoc</strong></span> <span class='ocrx_word' id='word_1_255' title='bbox 232 4396 345 4465; x_wconf 68' lang='lat' dir='ltr'><strong>epistola,</strong></span> <span class='ocrx_word' id='word_1_256' title='bbox 358 4413 422 4464; x_wconf 81' lang='lat' dir='ltr'><strong>quac</strong></span> <span class='ocrx_word' id='word_1_257' title='bbox 435 4403 470 4446; x_wconf 81' lang='lat' dir='ltr'><strong>est</strong></span> <span class='ocrx_word' id='word_1_258' title='bbox 483 4393 614 4446; x_wconf 81' lang='lat' dir='ltr'><strong>CCXXII</strong></span> <span class='ocrx_word' id='word_1_259' title='bbox 627 4399 693 4447; x_wconf 80' lang='lat' dir='ltr'><strong>iuter</strong></span> <span class='ocrx_word' id='word_1_260' title='bbox 705 4396 825 4464; x_wconf 78' lang='lat' dir='ltr'><strong>epistolas</strong></span> <span class='ocrx_word' id='word_1_261' title='bbox 836 4395 976 4462; x_wconf 75' lang='lat' dir='ltr'><strong>Aoqostios&#39;</strong></span> <span class='ocrx_word' id='word_1_262' title='bbox 986 4400 1013 4447; x_wconf 83' lang='lat' dir='ltr'><strong>a&#39;a</strong></span> <span class='ocrx_word' id='word_1_263' title='bbox 1025 4401 1078 4449; x_wconf 82' lang='lat' dir='ltr'><strong>eius</strong></span> <span class='ocrx_word' id='word_1_264' title='bbox 1092 4397 1156 4519; x_wconf 55' lang='lat' dir='ltr'><strong>opp.</strong></span> <span class='ocrx_word' id='word_1_265' title='bbox 1171 4406 1226 4452; x_wconf 81' lang='lat' dir='ltr'><strong>tom.</strong></span> 
     </span>
     <span class='ocr_line' id='line_1_32' title="bbox 71 4462 1226 4534; baseline 0.002 -16"><span class='ocrx_word' id='word_1_266' title='bbox 71 4462 114 4521; x_wconf 85' lang='lat' dir='ltr'><strong>II.</strong></span> <span class='ocrx_word' id='word_1_267' title='bbox 132 4466 171 4517; x_wconf 85' lang='lat' dir='ltr'><strong>ed.</strong></span> <span class='ocrx_word' id='word_1_268' title='bbox 189 4463 297 4527; x_wconf 62' lang='grc' dir='ltr'><strong><em>Βακὰ,</em></strong></span> <span class='ocrx_word' id='word_1_269' title='bbox 317 4465 473 4530; x_wconf 69' lang='lat' dir='ltr'><strong>depastione</strong></span> <span class='ocrx_word' id='word_1_270' title='bbox 490 4466 624 4532; x_wconf 79' lang='lat' dir='ltr'><strong>respondet</strong></span> <span class='ocrx_word' id='word_1_271' title='bbox 638 4465 758 4534; x_wconf 79' lang='lat' dir='ltr'><strong>epistolae</strong></span> <span class='ocrx_word' id='word_1_272' title='bbox 776 4464 962 4524; x_wconf 77' lang='lat' dir='ltr'><strong>Quodvultdeus</strong></span> <span class='ocrx_word' id='word_1_273' title='bbox 1009 4485 1041 4519; x_wconf 84' lang='lat' dir='ltr'><strong>ce</strong></span> <span class='ocrx_word' id='word_1_274' title='bbox 1057 4470 1124 4519; x_wconf 69' lang='lat' dir='ltr'><strong>cett</strong></span> <span class='ocrx_word' id='word_1_275' title='bbox 1148 4466 1226 4522; x_wconf 83' lang='lat' dir='ltr'>XXI.</span> 
     </span>
     <span class='ocr_line' id='line_1_33' title="bbox 71 4530 1224 4657; baseline 0.003 -70"><span class='ocrx_word' id='word_1_276' title='bbox 71 4542 128 4587; x_wconf 73' lang='lat' dir='ltr'><strong>rom.</strong></span> <span class='ocrx_word' id='word_1_277' title='bbox 140 4533 181 4589; x_wconf 84' lang='grc' dir='ltr'><strong>ΙΙ.</strong></span> <span class='ocrx_word' id='word_1_278' title='bbox 197 4532 262 4655; x_wconf 66' lang='lat' dir='ltr'><strong>Opp.</strong></span> <span class='ocrx_word' id='word_1_279' title='bbox 275 4535 414 4657; x_wconf 52' lang='lat' dir='ltr'><strong>Auffustiai</strong></span> <span class='ocrx_word' id='word_1_280' title='bbox 426 4535 464 4585; x_wconf 87' lang='lat' dir='ltr'><strong>ed.</strong></span> <span class='ocrx_word' id='word_1_281' title='bbox 477 4530 571 4583; x_wconf 78' lang='lat' dir='ltr'><strong>Bened.</strong></span> <span class='ocrx_word' id='word_1_282' title='bbox 597 4533 680 4593; x_wconf 78' lang='lat' dir='ltr'><strong>Quam</strong></span> <span class='ocrx_word' id='word_1_283' title='bbox 692 4537 821 4600; x_wconf 84' lang='lat' dir='ltr'><strong>conseras,</strong></span> <span class='ocrx_word' id='word_1_284' title='bbox 838 4537 862 4584; x_wconf 83' lang='lat' dir='ltr'><strong>si</strong></span> <span class='ocrx_word' id='word_1_285' title='bbox 873 4534 945 4586; x_wconf 82' lang='lat' dir='ltr'><strong>ludet.</strong></span> <span class='ocrx_word' id='word_1_286' title='bbox 999 4535 1142 4590; x_wconf 79' lang='lat' dir='ltr'><strong>‚Nonnulli</strong></span> <span class='ocrx_word' id='word_1_287' title='bbox 1151 4536 1224 4591; x_wconf 76' lang='lat' dir='ltr'><em>MSS.</em></span> 
     </span>
    </p>
   </div>
   <div class='ocr_carea' id='block_1_4' title="bbox 71 4598 864 4671">
    <p class='ocr_par' dir='ltr' id='par_1_5' title="bbox 71 4598 864 4671">
     <span class='ocr_line' id='line_1_34' title="bbox 71 4598 864 4671; baseline -0.004 -14"><span class='ocrx_word' id='word_1_288' title='bbox 71 4599 204 4666; x_wconf 69' lang='lat' dir='ltr'><strong>enarrate</strong></span> <span class='ocrx_word' id='word_1_289' title='bbox 334 4599 419 4670; x_wconf 76' lang='lat' dir='ltr'><strong>saed.)</strong></span> <span class='ocrx_word' id='word_1_290' title='bbox 463 4598 729 4656; x_wconf 63' lang='lat' dir='ltr'><strong>ambasciasse.</strong></span> <span class='ocrx_word' id='word_1_291' title='bbox 746 4600 864 4671; x_wconf 63' lang='lat' dir='ltr'><strong>(Bened.)</strong></span> 
     </span>
    </p>
   </div>
   <div class='ocr_carea' id='block_1_5' title="bbox 231 4603 306 4671">
    <p class='ocr_par' dir='ltr' id='par_1_6' title="bbox 231 4603 306 4671">
     <span class='ocr_line' id='line_1_35' title="bbox 231 4603 306 4671; baseline -0.013 -15"><span class='ocrx_word' id='word_1_292' title='bbox 231 4618 286 4656; x_wconf 84' lang='lat' dir='ltr'><strong>ans.</strong></span> <span class='ocrx_word' id='word_1_293' title='bbox 298 4603 306 4671; x_wconf 86' lang='grc'><strong>(</strong></span> 
     </span>
    </p>
   </div>
   <div class='ocr_carea' id='block_1_6' title="bbox 0 0 1528 5124">
    <p class='ocr_par' dir='ltr' id='par_1_7' title="bbox 0 0 1528 5124">
     <span class='ocr_line' id='line_1_36' title="bbox 0 0 1528 5124; baseline 0 1"><span class='ocrx_word' id='word_1_294' title='bbox 0 0 1528 5124; x_wconf 95' lang='lat' dir='ltr'><strong> </strong></span> 
     </span>
    </p>
   </div>
  </div>
 </body>
</html>
