3046 5124
548 391 587 433 DE
600 390 777 433 HAERBSIBUS
790 389 882 432 ululis
1226 392 1288 459 203

131 544 282 631 pmadiso,
297 550 443 630 cognovit
457 567 594 611 uxorem.
619 548 756 612 Credunt
771 568 842 629 orgo
859 546 942 631 quod
953 550 1080 632 nuptiae
1092 547 1213 612 futurae
1225 569 1289 612 non

130 648 275 732 luissent,
295 653 322 712 si
341 652 432 714 ne'mo
451 657 623 735 peccasset.
660 651 743 714 Nudi
758 654 863 734 itaque
878 671 980 713 meres
995 650 1192 735 feminaeque
1213 673 1288 715 oon·

53 825 60 833 ,
130 752 268 833 veniunt,
283 752 358 816 nudi
374 753 524 817 lectiones
540 753 688 834 audiunt,
704 752 780 817 nndi
796 759 900 834 orant,
915 753 990 816 nudi
1007 752 1168 817 celebrant
1183 775 1287 818 sacra·

129 860 245 936 mento,
260 859 292 918 et
308 876 346 918 ex
362 855 419 919 hoc
435 855 616 941 paradisum
632 876 721 920 suam
735 856 926 919 arbitrantur
941 855 1115 919 ecclesiam.

188 956 354 1022 Elcesaeos
370 965 401 1021 et
416 958 600 1044 Sampsaeos
615 958 665 1022 hic
686 966 836 1042 tenquam
850 958 958 1023 ordine
973 979 1029 1022 suo
1045 966 1290 1023 commemorant
1307 985 1357 1036 cip.
1372 986 1458 1026 xxxn.

128 1056 330 1145 Epiphanius,
346 1080 423 1144 quos
439 1061 516 1126 dicit
530 1083 549 1124 a
564 1061 699 1144 quodam
714 1060 985 1146 pseudopropheta
996 1081 1064 1124 esse
1077 1060 1224 1145 deceptos
1236 1064 1289 1144 qui

129 1161 297 1226 vocabatur
311 1162 389 1245 Elei,
405 1184 443 1226 ex
459 1167 547 1228 euius
562 1185 675 1247 genere
692 1163 768 1227 duas
784 1162 932 1227 mulieres
943 1170 1093 1247 tunquam
1105 1163 1179 1227 deae
1192 1163 1231 1226 ab
1243 1165 1288 1226 eis

128 1264 272 1349 perhibet
285 1265 439 1329 adoratas.
464 1266 576 1330 Cetera
590 1267 779 1331 llebionaeis
793 1272 901 1330 tenere
918 1266 1040 1330 similia

190 1366 396 1432 Theodotiani
418 1390 437 1431 a
459 1368 638 1434 ¹Theodoto
659 1369 794 1452 quodam
814 1371 949 1433 instituti
970 1368 1128 1433 hominem
1147 1372 1288 1431 tantum·
1307 1393 1358 1445 esp.
1372 1394 1469 1434 xxxin.

128 1466 220 1534 modo
235 1470 395 1535 Christum
409 1478 598 1535 asseverant.
633 1471 722 1549 Quod
737 1471 851 1535 dicitur
867 1471 992 1554 quidem
1007 1470 1201 1535 Theodotion
1216 1492 1289 1554 pro·

128 1576 237 1656 pterea
251 1572 405 1654 docuisse,
421 1577 494 1657 quia
509 1577 540 1638 in
557 1577 772 1659 persecutione
789 1573 896 1657 lapsus
910 1576 971 1637 isto
986 1574 1078 1638 modo
1091 1594 1125 1637 se
1137 1592 1228 1637 casus
1240 1576 1289 1637 sui

130 1672 265 1738 devitare
279 1675 412 1760 putabat
426 1676 643 1761 opprobrium,
662 1680 688 1741 si
700 1698 763 1741 non
779 1677 872 1741 deum
887 1696 1033 1758 negasse,
1055 1676 1111 1740 sed
1130 1677 1289 1740 hominem

128 1776 292 1842 videretur.

188 1878 461 1945 Melchisedeciani
476 1881 683 1946 Melchisedec
700 1881 894 1946 sacerdotem
909 1881 959 1946 dei
975 1881 1091 1946 excelsi
1107 1902 1171 1946 non
1185 1882 1288 1947 homi·
1306 1906 1356 1958 cap.
1370 1907 1464 1947 xxxiv.

127 2000 200 2045 nem
214 1983 321 2064 luisse,
336 1984 392 2048 sed
407 1986 554 2048 virtutem
571 1985 620 2048 dei
637 2006 705 2049 esse
721 1984 920 2048 arbitrantur.

189 2084 472 2150 Bardesanistaea
499 2088 633 2171 quodam
655 2087 850 2168 Bardesane,
879 2090 932 2169 qui
954 2088 986 2150 in
1010 2086 1151 2150 doctrina
1173 2087 1289 2150 Christi
1307 2111 1357 2163 esp.
1371 2112 1453 2152 xxxv.

127 2190 213 2271 prius
234 2191 376 2253 extitisse
396 2189 578 2274 perhibetur
597 2192 746 2272 insignis,
767 2189 823 2253 sed
844 2197 969 2273 postea,
992 2192 1134 2273 quamvis
1154 2210 1217 2253 uon
1232 2210 1289 2273 per

128 2293 242 2372 omnic,
258 2293 290 2355 in
305 2292 463 2357 Valentini
479 2293 634 2356 haeresim
651 2293 773 2378 ¹lapsns
789 2298 846 2355 est.

188 2394 333 2459 Nodtiani
349 2417 368 2458 a
383 2395 518 2478 quodam
532 2396 646 2477 No'e'to,
662 2398 715 2479 qui
731 2395 855 2459 dicebat
870 2394 1027 2458 Christum
1040 2394 1174 2460 eundem
1186 2399 1288 2480 ipsum
1307 2420 1357 2470 esp.
1371 2420 1465 2462 xxxvi.

129 2517 194 2561 esse
208 2503 332 2582 patrem
347 2504 379 2560 et
394 2501 539 2583 spiritum
554 2504 709 2562 sanctum.

187 2600 306 2664 Valesii
328 2606 359 2664 ot
374 2604 495 2686 seipsos
514 2607 652 2665 castrant
673 2609 705 2663 et
725 2601 863 2686 hospites
883 2621 971 2682 suos,
992 2600 1050 2665 hoc
1070 2601 1162 2666 modo
1179 2604 1288 2666 existi-
1306 2626 1357 2678 esp.
1371 2627 1475 2669 xxxvu.

128 2708 249 2767 mantes
265 2702 322 2767 deo
338 2724 371 2768 se
388 2704 501 2768 dehere
517 2707 642 2767 servire.
665 2704 737 2768 Alie
751 2725 872 2787 quoque
884 2704 1040 2767 haeretica
1052 2704 1162 2768 docere
1176 2704 1287 2769 dicun·

127 2811 176 2870 tur
190 2813 223 2869 et
237 2809 358 2891 turpie3
379 2807 436 2870 sed
455 2827 533 2890 quae
556 2806 609 2869 ille
629 2809 694 2870 sint
713 2827 772 2871 neo
792 2810 860 2893 ipse
882 2809 1136 2871 commemoravit
1149 2808 1287 2894 Epipha-

127 2912 196 2975 nius
211 2929 271 2974 nec
286 2912 411 2995 uspiam
425 2911 512 2994 potui
528 2912 672 2994 reperire.

188 3012 348 3094 ¹Cathari,
371 3015 424 3096 qui
446 3015 565 3097 seipsos
584 3015 645 3076 isto
667 3016 807 3094 nominc,
833 3015 922 3095 qrrasi
942 3019 1069 3098 propter
1091 3014 1288 3097 munditiam,
1306 3039 1356 3091 esp.
1371 3041 1486 3081 xxxvm

127 3114 349 3201 superbissime
372 3123 464 3200 etque
486 3115 681 3179 odiosissime
702 3118 881 3197 nominant,
903 3117 1056 3180 secundas
1077 3120 1203 3202 nuptias
1224 3140 1288 3182 non

126 3218 305 3300 admittunt,
321 3221 548 3303 paenitentiam
563 3217 729 3301 denegant,
743 3219 899 3282 Nouatum
911 3226 1067 3284 sectantes
1080 3220 1287 3298 haereticum3

55 3368 58 3377 .
126 3323 208 3387 unde
225 3323 321 3385 etiam
335 3322 502 3386 Novatiani
517 3321 722 3407 appellantur.

185 3423 345 3507 Argolici,
368 3427 400 3487 in
422 3424 602 3506 angelorum
623 3424 708 3488 cultu
728 3425 887 3507 inclinati,
910 3446 987 3510 quos
1008 3427 1200 3512 Epiphanius
1223 3430 1287 3492 iam
1305 3452 1459 3503 cmxxxix.

126 3530 250 3594 omnino
267 3526 420 3591 deiecisse
436 3533 577 3617 testetur.

184 3630 375 3715 Apostolici,
396 3633 449 3714 qui
471 3651 503 3693 se
522 3634 583 3695 isto
605 3634 731 3696 nomine
758 3634 1010 3714 arrogantissime
1035 3640 1225 3697 vocaverunt
1250 3655 1286 3698 oo
1305 3657 1355 3702 oso.
1369 3657 1411 3697 xn.

125 3733 206 3817 qnod
221 3735 254 3797 in
271 3753 359 3797 suam
375 3737 627 3799 communionem
643 3756 707 3799 non
721 3738 898 3819 reciperent
912 3741 1035 3799 utentes
1056 3736 1239 3818 coniugibus
1256 3743 1287 3800 et

125 3856 173 3902 res
188 3839 330 3923 proprias
345 3837 559 3923 possidentes,
580 3837 688 3923 quales
707 3838 802 3903 habet
823 3839 993 3903 ¹catholica
1014 3845 1045 3901 et
1064 3838 1234 3903 monachos
1256 3846 1287 3904 et

189 4056 254 4128 Gap.
265 4056 378 4111 XXXII.
391 4089 424 4097 -
444 4059 465 4110 1.
479 4059 520 4110 Ab
532 4059 681 4128 Epiphanio
693 4063 720 4110 ia
733 4059 824 4111 Anoce
843 4059 959 4111 halaeesi
973 4056 1117 4118 ‘Elaeediee
1134 4063 1286 4127 nominator,

123 4129 148 4179 lo
158 4125 278 4180 Panario
290 4121 378 4186 Ἦλξαΐ
397 4131 424 4177 iu
436 4128 550 4179 Puuarr'a'
560 4128 669 4196 Syrropsr'
680 4125 764 4188 Ἦλξᾶ.
801 4129 808 4196 (
836 4127 922 4195 enodi

190 4168 389 4265 CapXXXlll.
402 4227 435 4236 -
467 4197 488 4247 l.
508 4196 580 4247 Editr'
596 4195 786 4260 Theodotione‚
804 4197 930 4265 pauloque
947 4195 1094 4264 petridem
1116 4195 1286 4255 Theodotion.

124 4262 291 4328 castigantur
302 4282 332 4313 er
350 4263 475 4315 Vaticano
487 4267 580 4317 codice.
616 4263 736 4332 (Beued.)

190 4319 253 4402 Cap.
265 4331 379 4386 XXXV.
391 4363 425 4372 --
451 4333 472 4383 l.
489 4333 550 4384 Post
564 4333 654 4402 lapsus
666 4340 706 4385 est
717 4335 820 4385 adiecto
837 4341 913 4384 eraut
921 4336 949 4383 in
960 4337 1058 4385 ereum
1069 4336 1147 4387 rerba
1164 4335 1242 4389 daec:
1257 4343 1287 4391 ut

123 4398 176 4453 lato
194 4400 334 4453 ascriberet
350 4401 560 4454 conversationes
581 4400 728 4465 hominum
749 4420 814 4469 quae
833 4405 861 4452 ia
871 4400 946 4455 MSS.
962 4406 1054 4454 uostris
1071 4422 1120 4455 aron
1136 4410 1283 4474 reperimus.

124 4467 243 4537 (Benaci

190 4536 460 4609 eap.xxxv111.-
480 4538 501 4590 l.
520 4536 552 4588 Ia
563 4537 636 4593 MSS.
654 4538 781 4592 catharos
798 4539 852 4592 sire
869 4537 1021 4605 Novatianl‚
1038 4542 1083 4612 qui
1100 4559 1128 4594 se
1143 4543 1215 4613 ipsos
1229 4553 1284 4598 cett.

126 4606 235 4661 Graecis
244 4616 303 4658 eunt
313 4605 427 4675 Καθαροί,
463 4604 574 4674 lBened.)

190 4672 253 4744 (lap.
264 4673 320 4728 XL.
334 4705 367 4714 —-
387 4674 407 4727 l.
421 4674 453 4726 In
466 4676 541 4726 editis
552 4673 679 4727 catholica
690 4674 807 4728 eeclesia.
825 4677 907 4729 Abest
916 4678 1026 4732 ecclesio
1038 4699 1054 4732 α
1066 4678 1140 4734 MSS.
1159 4678 1272 4751 (Bened.)
