3046 5124
287 368 329 432 28
791 360 941 404 ramatum

287 522 520 587 defunctionem
535 523 825 605 successionemque
839 521 912 585 Iesu
927 519 985 586 lilii
1000 517 1087 585 Nave
1104 521 1240 586 colentes
1256 521 1297 586 ad
1313 525 1462 608 captivi·

287 631 384 688 tatem
398 623 560 706 gentilium
581 623 813 688 ⁵tradebantur.
851 623 932 688 Nam
951 623 1063 688 ⁶Astar
1078 630 1110 688 ot
1123 624 1290 689 ⁷Astaroth
1304 625 1464 691 homines

287 733 319 791 et
332 727 484 790 feminasb
499 727 674 811 figurasque
690 745 796 791 eorum
811 726 972 808 colebant,
987 747 1065 810 queo
1080 729 1208 791 nomina
1222 748 1330 810 regum
1343 729 1464 814 Syrio-

287 839 375 893 rum⁰
389 829 514 894 fuerunt
528 835 560 893 et
573 829 814 915 Aegyptiorum,
829 850 960 914 quorum
975 829 1033 893 filii
1047 829 1190 914 filiaeque
1205 851 1277 894 oum
1291 833 1464 919 apopulis

287 935 353 996 suis
368 932 558 1014 colerentur,
572 937 643 1017 post
655 935 750 996 ctiam
761 933 878 1018 templa
893 933 954 997 illis
970 933 1138 1015 facientes,
1153 939 1372 1018 postmortem
1383 935 1463 1002 illo·

287 1056 356 1099 rum
366 1037 548 1120 progeniem
558 1034 676 1098 ibidem
688 1034 876 1120 sepelientes
889 1036 1018 1100 deorum
1026 1035 1214 1120 dearumque
1226 1039 1271 1100 eis
1283 1036 1463 1104 ⁸ncmina⁶

287 1137 459 1202 offerebant
479 1156 551 1202 cum
571 1138 731 1201 sacrificiis
752 1136 871 1202 Itidem.
904 1139 986 1202 Nam
1006 1137 1215 1202 ⁹Astartium⁰
1237 1145 1285 1202 est
1299 1141 1333 1202 in
1349 1139 1462 1226 Syria,

286 1241 451 1325 ¹⁰aIibique
467 1240 590 1304 diversa
604 1246 636 1304 et
649 1239 793 1324 plurima,
809 1241 901 1326 ¹¹qua
915 1239 953 1304 de
968 1246 1058 1324 gente
1071 1241 1328 1306 chananaeorum
1347 1248 1464 1311 omnis

286 1344 363 1408 haec
378 1343 431 1408 illc
446 1349 585 1428 tempore
601 1346 718 1407 exarsit
735 1346 897 1429 impietas,
918 1342 1042 1428 ¹²quam
1064 1343 1215 1428 ¹³Moyses
1235 1351 1363 1428 gentem
1379 1368 1463 1414 cum

288 1448 373 1511 omni
387 1467 443 1510 suo
458 1445 572 1530 populo
588 1446 745 1511 cradicare
761 1445 942 1511 iubebatur‘
962 1468 982 1509 a
996 1446 1131 1511 domino.

118 1546 271 1597 ΟΜΝΗ·
372 1549 436 1612 Alii
446 1548 615 1613 Herodiani
626 1555 715 1630 sunt,
727 1550 765 1613 ab
777 1549 918 1614 Herode*
932 1550 1024 1631 regeb
1038 1549 1224 1614 Iudaeorum
1235 1553 1280 1614 ita
1290 1551 1462 1637 appellati.

286 1651 343 1714 Isti
354 1652 613 1715 resurrectionem
624 1652 841 1734 confitentur0,
856 1652 957 1734 legem
971 1657 1003 1715 et
1016 1653 1183 1737 prophetas
1196 1655 1372 1738 accipiunt,
1387 1657 1461 1721 He-

353 1785 377 1837 5.
395 1784 563 1838 trahebantur
581 1787 603 1837 d.
627 1786 651 1838 6.
669 1785 763 1838 Asthar
781 1786 813 1837 B.
831 1791 857 1839 et
873 1785 968 1839 Asthar
986 1786 1071 1857 (Astar
1084 1787 1115 1856 c.)
1129 1789 1185 1839 ohe.
1209 1787 1232 1839 7.
1245 1787 1388 1842 astharoth
1402 1792 1461 1846 Ba.

286 1853 409 1906 Astharot
424 1856 447 1905 h.
471 1853 495 1905 8.
507 1855 612 1906 nomine
629 1873 651 1906 c.
676 1855 699 1906 9.
716 1854 940 1919 Asturtiuanah.
957 1855 1053 1906 Hicin
1069 1875 1150 1922 marp.
1169 1856 1220 1907 Ba.
1238 1862 1378 1910 ‹rsterr'sens
1396 1879 1462 1914 con-

285 1927 400 1991 spicitur.
431 1922 469 1975 10.
487 1923 601 1991 alibique
614 1941 636 1974 e.
654 1923 742 1992 aliqua
753 1924 851 1992 reliqui.
887 1924 926 1976 11.
939 1940 991 1992 qua
1007 1943 1058 1991 eqo.
1071 1940 1137 1993 quae
1154 1926 1215 1977 libri
1229 1943 1320 1979 omnes.
1360 1927 1400 1981 12.
1423 1931 1462 1986 ob

287 2007 366 2061 quam
378 1992 400 2041 b.
425 1990 464 2042 13.
476 1991 563 2043 Moses
576 1993 616 2042 od.

353 2057 415 2129 Cap.
427 2058 548 2112 XXVIII.
560 2063 587 2111 ln
600 2059 681 2111 Bate.
693 2063 843 2129 inaeraptnm
855 2060 932 2111 latet
940 2060 1100 2114 IIsaonrsur.

285 2161 484 2230 praecedebant,
505 2164 579 2214 cerlo
603 2173 649 2214 ant
667 2167 840 2232 persuasione.
897 2163 994 2215 Verum
1018 2163 1158 2216 Herodiani
1180 2165 1272 2219 Matth.
1295 2165 1384 2220 XXII.
1416 2170 1462 2225 16.

286 2230 376 2293 (Febr.
895 2231 1078 2284 Maronis.
1102 2232 1160 2284 XII.
1182 2233 1219 2285 13.
1243 2233 1315 2286 fuere
1338 2237 1463 2292 ministri

328 2297 364 2350 Ga
383 2339 389 2351 .
405 2298 515 2353 XXVII.
534 2330 567 2338 —
590 2316 613 2352 a.
631 2301 749 2352 deteret
768 2300 843 2352 Asta·
894 2300 936 2351 vel
956 2300 1052 2351 milites
1072 2300 1181 2352 Herodis
1202 2302 1263 2353 Anti
1282 2319 1325 2366 ae,
1343 2305 1392 2372 qui
1413 2305 1461 2359 Io-

285 2365 354 2433 roth]
396 2367 444 2431 ide,
457 2369 480 2419 si
488 2369 582 2437 placet,
595 2385 661 2437 quae
674 2384 752 2437 supra
770 2369 802 2420 ad
820 2385 841 2420 c.
893 2366 1007 2420 hannem
1030 2368 1175 2448 Baptismus
1199 2370 1253 2422 inte
1277 2372 1327 2422 ecit
1352 2378 1381 2425 et
1403 2375 1462 2428 He-

284 2435 366 2490 XVH.
389 2436 521 2488 Prioribus
542 2437 698 2489 editionibus
719 2443 774 2489 erat
790 2438 841 2488 Ae·
892 2437 962 2489 rodis
987 2438 1079 2505 Magnr
1104 2437 1173 2490 filius
1199 2438 1260 2490 fuit:
1289 2455 1338 2491 nec
1364 2445 1461 2513 magis

286 2504 381 2556 tharet
393 2503 542 2556 Aethnrotlr.
572 2505 630 2568 (F.)
891 2503 1009 2557 haeresin
1024 2505 1066 2558 vel
1082 2511 1181 2558 sectam
1198 2507 1330 2576 significat
1346 2509 1386 2562 ibi
1403 2509 1462 2565 hcc

325 2573 350 2625 b.
373 2571 492 2624 homines
518 2578 543 2625 et
563 2572 685 2639 feminas]
722 2573 843 2626 Virorum
893 2590 997 2637 nornen,
1010 2589 1089 2642 quam
1101 2572 1328 2639 Caesareanorum,
1340 2575 1462 2648 Pompo·

285 2641 491 2709 feminarumque
503 2641 649 2693 simulacre.
685 2641 742 2705 (F.)
893 2642 1013 2711 ienorum
1025 2647 1051 2693 et
1062 2642 1164 2695 similia.
1183 2643 1226 2710 [Et
1237 2644 1304 2713 apud
1314 2644 1462 2701 Tertullia-

319 2725 341 2761 c.
359 2708 505 2778 syriorum]
523 2708 542 2761 I.
555 2709 764 2777 adssyriorum.
786 2710 843 2775 (F.)
893 2727 958 2761 num
984 2710 1188 2775 Attinianorum,
1213 2711 1401 2781 Nigrianorum
1431 2723 1464 2770 et

319 2777 343 2830 d.
366 2778 474 2830 deorum
494 2778 651 2858 dearumque
672 2778 710 2829 eis
726 2779 842 2845 nomine]
896 2776 1086 2830 Cassiancrum.
1116 2778 1183 2831 Nam
1201 2781 1238 2832 ita
1259 2787 1285 2833 et
1300 2781 1462 2851 herodiani,

285 2847 372 2900 Minus
385 2847 451 2898 bene
462 2846 562 2915 priores
579 2846 717 2910 editiones,
735 2850 843 2899 nomino.
895 2847 939 2915 qui
949 2846 1064 2910 Herodis
1074 2851 1100 2898 et
1112 2864 1171 2899 cunr
1183 2849 1227 2901 illo
1238 2849 1362 2903 Romanis
1393 2855 1462 2908 arti-

285 2914 396 2967 Nomine
406 2915 513 2966 deorum
523 2914 681 2984 dearumque
693 2913 843 2980 offerebant,
895 2915 944 2966 bus
956 2914 1077 2966 favebant
1096 2915 1185 2968 Iudaei
1204 2918 1244 2968 vel
1267 2934 1321 2969 non
1340 2868 1460 2991 Iudaei]

285 2982 335 3036 hoc
347 2989 387 3036 est
397 2989 523 3051 tanquam
541 2984 629 3035 dhaet
646 2983 751 3037 deabus.
774 2982 842 3036 Offe·
894 2982 922 3035 S.
933 2983 1106 3051 Hieronymus
1119 2985 1151 3036 ad
1163 2984 1254 3038 Matth.
1266 2985 1351 3039 XXII.
1375 2989 1462 3051 „Mse-

285 3052 377 3104 rebant
392 3068 452 3105 cum
469 3051 616 3116 sacrificiis,
637 3052 664 3104 id
686 3059 726 3105 cst
745 3052 843 3105 sacrifi·
894 3060 950 3102 tarn
971 3056 1051 3118 ipitnr
1070 3053 1211 3105 Pharisaei
1233 3057 1372 3124 diecrpnloe
1397 3077 1463 3112 snos

286 3122 334 3173 cia.
370 3121 427 3185 (F.)
895 3139 950 3171 cnm
962 3120 1131 3183 Herodianus,
1148 3124 1177 3173 r'd
1189 3131 1227 3173 est
1236 3124 1357 3174 militibus
1368 3125 1461 3179 Hero-

320 3205 342 3242 e.
354 3187 498 3241 Astartium
507 3190 581 3242 estin
592 3188 679 3257 Syria]
689 3186 843 3258 Ἀσταρτέῖον
895 3191 946 3252 die,
959 3207 1002 3239 sen
1014 3208 1073 3257 qnos
1082 3191 1215 3242 illudentes
1226 3191 1378 3256 Pharisaei,
1393 3201 1463 3263 pala

286 3254 742 3327 sive'rlcro'rprrcvtemplumrhstartes,
750 3258 843 3311 I.San1.
895 3258 1015 3309 Romanis
1027 3259 1122 3309 tribula
1135 3260 1276 3322 solvebant,
1288 3259 1463 3318 Herodianus
1481 3322 1484 3327 ¹

285 3325 386 3380 XXXI.
405 3325 444 3377 10.
461 3332 487 3377 et
503 3325 603 3395 Ioseph.
620 3326 663 3378 VI.
683 3325 721 3378 15.
738 3325 843 3406 Antiqu.
895 3327 1032 3388 vocabant,
1048 3335 1077 3377 at
1092 3345 1139 3377 non
1155 3329 1240 3378 diviono
1254 3330 1333 3378 cultui
1345 3331 1460 3388 ‹ledifca

287 3401 313 3447 et
326 3394 347 3446 1.
361 3399 451 3446 contra
461 3394 554 3474 Apion.
570 3394 601 3447 In
613 3394 740 3464 prioribus
753 3395 843 3448 editro·
898 3396 1008 3455 Qnidnm
1026 3394 1176 3446 Latinorum
1193 3397 1301 3448 ridr'anlc
1321 3396 1461 3454 Herodis.

286 3463 363 3516 nibus
376 3463 569 3532 corruptrssime
581 3463 692 3549 scriptus
704 3461 745 3515 hic
757 3463 842 3516 locus:
894 3481 938 3514 nco
950 3472 1045 3531 portant
1063 3467 1106 3531 qui
1120 3464 1247 3516 Herodem
1259 3464 1389 3517 thaletem
1403 3488 1463 3523 essa

288 3531 374 3594 ,Nom
386 3536 519 3582 astrrrtr'um
532 3540 568 3582 eat
578 3536 605 3582 in
616 3531 694 3598 byrin
705 3533 792 3599 aliqua
805 3535 843 3584 di·
895 3532 1041 3594 credebant,
1059 3536 1124 3599 procel
1140 3551 1259 3601 rrusquom
1276 3537 1373 3585 cmrrino
1391 3538 1461 3606 lepi-

286 3619 361 3652 oersa
378 3609 402 3651 et
413 3601 551 3668 plnrr'mo.”
577 3599 665 3652 Innuit
681 3605 768 3653 autem
783 3599 843 3653 Phi·
893 3600 970 3651 anal
995 3600 1108 3652 llerodes
1125 3605 1212 3653 autern
1229 3601 1261 3652 ab
1277 3602 1372 3670 angelo
1397 3622 1461 3675 per.

286 3669 365 3721 laster
381 3669 444 3721 alibi
465 3668 544 3720 etiam
564 3667 666 3721 diversa
686 3675 713 3720 et
731 3670 843 3738 plurima
894 3667 1461 3745 oussusAct.XIl.23.fuitIIerodesrlgrippa,

286 3739 402 3790 Astartes
418 3737 517 3807 templa
527 3736 621 3800 fuisse,
639 3737 707 3806 quod
724 3755 756 3789 ex
773 3743 842 3790 rete·
893 3737 1035 3790 Aristobuli
1051 3743 1077 3789 et
1088 3737 1226 3790 Berenices
1242 3738 1279 3802 Il,
1292 3738 1366 3790 cuius
1383 3758 1461 3797 mor.

286 3823 344 3858 runr
353 3805 529 3858 monumentis
539 3805 711 3858 confimratur.
723 3806 787 3858 Vide
795 3806 842 3858 Pe·
894 3811 947 3858 tem
958 3811 1046 3857 narrat
1057 3807 1135 3858 etiam
1144 3805 1269 3877 Iosephus
1278 3805 1352 3860 XIX.
1362 3807 1387 3860 8.
1402 3811 1461 3866 An.

286 3880 355 3926 trum
363 3874 476 3927 Fabmm
484 3874 530 3926 lib.
539 3872 563 3926 3.
573 3873 744 3926 Semestrium
753 3891 808 3944 cap.
819 3875 843 3927 2.
894 3875 914 3926 ti
932 3875 978 3927 uit.
1014 3874 1071 3938 (F.)
1405 3888 1408 3894 ·

288 3943 400 4010 [Astarte
412 3943 473 3996 navi
484 3942 608 3995 insistens
620 3943 648 3995 in
659 3943 781 3996 nummis.
794 3943 843 3996 Be·
948 3983 953 3994 .
971 3945 1048 4031 rege]
1066 3942 1177 3995 Fabricii
1188 3942 1317 3996 adnotatis
1329 3941 1396 3998 haec
1409 3950 1459 4003 ad-

287 4027 340 4080 ger.
353 4010 497 4130 III.p.52.]
534 4011 591 4075 (F.)
895 4010 958 4063 didit
993 4010 1145 4064 haleardus:
1175 4012 1350 4092 ,Hieronymo
1386 4017 1462 4073 addo

326 4080 344 4131 f.
362 4095 406 4131 era
422 4080 490 4132 icare
501 4080 650 4148 iubebatur]
669 4079 727 4132 Non
743 4085 845 4133 tantum
895 4080 1302 4143 Damascenum,cuillerodian1
1324 4087 1387 4134 sunt
1401 4089 1460 4156 qui,

287 4163 345 4200 aras
363 4153 388 4199 et
402 4147 471 4200 idola
485 4149 558 4201 lucos
578 4165 611 4201 ue
629 4148 845 4201 Chananaecrum
895 4154 925 4200 ut
955 4147 1050 4201 Herodi
1077 4148 1221 4216 placerent,
1248 4149 1374 4202 Romanis
1410 4156 1460 4209 tri.

288 4215 439 4269 exscindere
454 4216 537 4270 Excd.
644 4217 703 4270 ‚ld
719 4217 844 4270 XXXIV.
895 4217 960 4269 buta
979 4216 1126 4281 solvebant,
1151 4218 1244 4286 quibus
1265 4222 1295 4269 ut
1313 4217 1461 4278 illuderent

290 4284 329 4337 13.
365 4284 422 4349 (F.)
895 4284 1040 4348 Pharisaei,
1057 4285 1216 4338 Herodianos
1233 4286 1370 4339 vocabant.
1396 4290 1461 4345 Ma.

322 4353 358 4405 Ga
378 4353 517 4408 XXVIII.
529 4385 562 4394 —
580 4370 602 4406 a.
613 4355 645 4407 ab
654 4354 755 4407 Herode
768 4356 843 4424 rege]
896 4354 964 4406 orius
984 4353 1113 4406 Hierolex.
1130 4371 1154 4406 r.
1172 4354 1329 4417 Herodian,
1368 4372 1404 4410 uo
1428 4360 1459 4416 in

286 4370 415 4475 Ilerciem
424 4423 789 4491 Magnumtribuissenomen
804 4440 843 4476 se·
895 4423 952 4487 loco
973 4421 1137 4474 Philostrium
1157 4422 1277 4491 castigat.
1304 4422 1340 4475 Co
1372 4441 1414 4492 er,
1434 4431 1460 4484 si

287 4497 344 4543 ctae
352 4490 558 4543 Herodianorum
570 4493 729 4544 contendunt
738 4493 787 4544 riri
799 4493 843 4545 dc·
895 4491 978 4553 lubet,
997 4490 1158 4560 Scaligerum
1174 4490 1288 4544 Elencho
1300 4490 1419 4548 Trihaer.
1433 4514 1459 4552 e.

287 4559 408 4624 ctissimi,
447 4566 569 4612 raeeunte
584 4559 728 4682 Epihimio
742 4559 844 4614 haeresi
897 4560 949 4614 let
959 4559 999 4610 23³

286 4627 396 4694 XX,et
435 4633 503 4682 reeta
517 4628 561 4683 lib.
582 4628 603 4682 l.
659 4629 745 4685 essuri
760 4645 782 4685 c.
801 4628 842 4686 34.
933 4644 954 4681 c.
971 4629 1186 4683 resurrectionem
1205 4627 1371 4699 confitentur]
1392 4596 1462 4692 Non.
