3046 5124
270 356 333 420 240
741 352 968 395 rmuus’rmarr

269 509 347 592 legis
367 530 404 575 ac
425 507 647 594 prophetarum
668 530 732 573 non
754 530 823 573 esse
844 515 966 594 patrem
989 506 1120 589 Christi,
1142 507 1345 573 nocherum
1365 528 1424 573 esse

270 612 373 694 deum,
388 611 584 693 sed‘iustum,
599 618 720 696 patrem
734 633 806 676 vero
822 611 938 675 Christi
952 610 1080 692 bouum,
1095 611 1319 694 Christumque
1330 610 1426 695 ipsun

267 736 325 778 nec
340 722 449 779 natum
468 736 508 777 ex
527 715 644 778 femina
663 735 764 798 neque
785 715 931 778 habuisse
953 734 1079 777 carnem
1100 734 1159 777 neo
1179 734 1255 778 vere
1276 720 1428 778 mortuum

267 817 316 881 vel
332 819 500 901 quicquam
514 838 653 902 passum,
669 817 725 881 sed
741 816 905 885 simulasse
921 819 1109 901 passionem.
1148 817 1267 881 Contra
1280 816 1365 881 hunc
1381 838 1427 880 su·

267 923 367 1005 scepit
381 926 508 985 sanctus
523 920 709 1004 Apollonius
724 922 890 1006 episcopus
906 919 1151 1000 Corinthiorum,
1171 919 1330 1003 ¹eumque
1350 921 1429 983 omni

172 1075 176 1081 .
269 1044 340 1086 oum
355 1023 473 1106 synodo
490 1022 633 1086 orientali
645 1023 816 1104 damnavit,
830 1021 967 1086 reddens
979 1024 1143 1103 rationem,
1157 1020 1244 1087 hunc
1257 1042 1330 1087 esse
1342 1021 1429 1087 deum

268 1131 390 1209 patrem
409 1125 526 1189 domini
547 1126 646 1189 nostri
660 1125 731 1188 lesu
752 1124 868 1189 Christi
892 1125 930 1189 de
952 1145 1011 1207 quo
1037 1124 1161 1208 Moyses
1182 1126 1216 1187 in
1237 1127 1344 1210 capite
1362 1123 1430 1190 libri

269 1228 319 1291 sui
334 1226 424 1291 dicit:
439 1226 496 1291 2Ιη
505 1230 668 1314 praecepio
675 1229 760 1311 fecit
774 1228 849 1291 deca
865 1229 986 1292 coelam
1000 1251 1038 1292 oc
1054 1233 1181 1291 terram.
1210 1225 1333 1292 Omnes
1348 1233 1427 1291 vete·

268 1331 311 1393 ris
331 1333 513 1394 testamenti
533 1328 822 1413 irreprehensibiles
843 1330 1015 1395 secundum
1041 1328 1216 1415 apostolum
1236 1329 1429 1415 adprobavit,

269 1432 393 1514 dicens,
413 1431 512 1511 ³Qaaa
527 1432 691 1497 accusabit
710 1434 859 1497 adversus
880 1433 988 1497 electos
1004 1433 1074 1496 dai?
1092 1431 1180 1496 Deus
1201 1434 1261 1517 qui
1272 1432 1429 1516 iustificat,

268 1538 339 1619 quta
353 1546 398 1599 eat
413 1537 470 1619 qaa'
484 1536 682 1600 condemnet?
717 1536 802 1599 llaec
822 1541 928 1599 autem
948 1541 980 1598 et
998 1535 1047 1599 his
1069 1534 1184 1598 similia
1201 1533 1264 1601 hac
1284 1533 1324 1600 de
1340 1555 1429 1600 causa

269 1636 485 1702 condemnatis
501 1636 666 1702 haereticis
682 1637 858 1703 rationabili
874 1658 1018 1702 sermone
1039 1635 1228 1702 uidebantur
1248 1637 1428 1703 satisfacere

268 1740 457 1822 sacerdotes,
473 1743 537 1804 sive
553 1747 588 1803 ut
603 1762 622 1803 a
635 1742 818 1825 praecipitio
833 1746 1032 1822 revocarent,
1047 1740 1112 1803 sive
1127 1746 1163 1803 ut
1178 1760 1211 1803 se
1228 1739 1429 1805 ostenderent

268 1850 370 1907 sectas
386 1843 545 1923 damnare,
561 1864 623 1907 non
635 1843 795 1925 homines,
810 1843 954 1908 homines
965 1849 1070 1907 autem
1082 1844 1203 1926 seipsos
1215 1842 1369 1909 minuare
1381 1844 1427 1927 qui

268 1945 430 2010 damnatas
446 1952 547 2010 sectas
563 1945 789 2030 amplectentes
803 1967 822 2009 a
836 1948 966 2010 veritate
983 1944 1157 2010 discedunt.

116 2059 166 2109 Car·
175 2059 249 2099 XXIV·
329 2049 488 2113 Vicesima
502 2055 535 2113 et
549 2054 660 2131 quarta
675 2055 724 2112 est
737 2048 876 2113 haeresis
891 2048 1147 2130 Severiauorum,
1161 2051 1215 2132 qui
1229 2055 1308 2113 sunt
1321 2069 1343 2115 a
1356 2047 1427 2115 ¹Se·

265 2172 340 2217 vero
355 2153 463 2216 exorti.
499 2151 615 2216 Vinum
631 2172 693 2215 nou
709 2151 837 2232 bibunt,
857 2172 893 2216 eo
914 2150 997 2235 quod
1011 2150 1155 2216 fabulosa
1170 2153 1312 2217 vanitate
1327 2151 1367 2218 de
1381 2172 1426 2217 se·

266 2257 350 2318 mine
371 2261 498 2319 satanae
518 2259 635 2317 terram
654 2256 847 2336 germinasse
867 2253 1017 2319 adserunt
1035 2256 1141 2319 vitem.
1178 2253 1292 2319 Carnis
1308 2274 1427 2339 quoque

267 2359 527 2422 resurrectionem
543 2377 614 2421 oum
628 2357 728 2420 veteri
742 2361 895 2441 respuunt
908 2362 1106 2422 testamento.
1142 2355 1208 2422 Hos
1223 2355 1427 2423 damnavitS.

265 2459 455 2545 Euphranon
470 2462 634 2546 episcopus
649 2458 803 2538 erodius3
824 2459 908 2544 apud
921 2459 1069 2525 Rhodum
1088 2460 1173 2525 enim
1191 2459 1308 2526 horum
1321 2481 1426 2548 super·

267 2565 351 2626 stitio
368 2569 436 2627 orta
450 2569 507 2626 est.
545 2563 627 2639 Quos
644 2564 781 2628 convicit
794 2564 1019 2648 scripturarum
1037 2564 1159 2627 ratione
1178 2569 1380 2647 sanctarum,
1397 2565 1427 2629 in

267 2665 379 2750 quibus
395 2664 526 2748 ²legitur
540 2664 618 2729 deus
633 2664 766 2729 educere
783 2665 822 2730 de
836 2671 920 2729 terra
934 2685 1049 2751 panem
1063 2663 1103 2730 ad
1115 2666 1369 2735 confirmandum
1379 2686 1428 2733 cor

265 2768 411 2849 hominis,
426 2775 458 2830 et
471 2770 581 2833 vinum
594 2767 635 2831 ad
648 2767 892 2833 laetificandum.
914 2768 987 2833 Vini
1001 2774 1107 2833 autem
1119 2789 1184 2835 nou
1194 2789 1272 2835 usus
1282 2790 1426 2837 necessu

267 2873 341 2952 rius,
355 2870 412 2936 sed
426 2871 571 2934 nimietas
586 2872 715 2935 inimica
729 2870 822 2935 saluti
837 2870 993 2956 culpanda
1007 2877 1065 2936 est
1101 2871 1214 2937 Carnis
1234 2892 1311 2941 vere
1325 2894 1427 2941 resur·

265 2975 437 3038 rectionem
452 2974 491 3038 ab
506 2973 558 3037 illo
574 2975 761 3058 promissam
781 2992 850 3039 esse
871 2976 926 3058 qui
944 2976 977 3038 in
998 2975 1158 3059 praesenti
1171 2982 1315 3043 mortuos
1329 2979 1425 3045 susei-

265 3076 367 3154 tabat3
384 3079 435 3158 qui
451 3078 478 3140 si
493 3076 644 3140 mentitus
658 3076 781 3158 suisset,
794 3082 934 3142 mortuos
945 3079 1053 3160 utique
1068 3079 1219 3143 suscitare
1230 3099 1297 3146 uon
1308 3083 1428 3166 potuis·

266 3185 323 3242 set.
345 3177 477 3242 Sanctus
493 3200 562 3242 esse
578 3182 682 3265 apices
698 3182 879 3244 testamenti
894 3182 1025 3263 veteris,
1045 3181 1127 3245 sicut
1145 3180 1357 3249 fundamenta
1373 3182 1428 3251 do·

266 3302 346 3362 mus,
360 3280 519 3365 praeclare
536 3280 656 3363 docuit,
678 3282 801 3364 diesne,
818 3281 1036 3348 Fundamenta
1056 3282 1166 3348 domus
1186 3285 1273 3350 circa
1284 3285 1429 3370 squalida

265 3382 334 3448 loca
355 3390 430 3447 sunt
450 3386 566 3469 posita,
588 3389 622 3446 ut
644 3405 681 3448 ea
702 3405 782 3469 quae
805 3391 880 3451 sunt
901 3387 1044 3472 superius
1065 3385 1187 3451 nullam
1206 3388 1429 3456 contumelium

265 3494 437 3552 stercorum
457 3488 625 3570 patiantur.
663 3486 830 3572 Superiora
856 3509 928 3572 ergo
949 3488 1060 3553 domus
1079 3487 1281 3573 laquearibus
1300 3496 1430 3575 auratis,

265 3590 435 3676 parietibus
449 3591 561 3673 pictis,
582 3596 614 3653 ct
627 3592 713 3654 uario
728 3611 918 3657 marmorum
932 3590 1058 3657 metallo
1072 3598 1149 3657 suut
1161 3592 1261 3677 edita,
1280 3594 1431 3665 iuferiora

265 3714 349 3775 vero,
363 3692 486 3756 humori
501 3698 624 3756 terreno
639 3694 753 3775 vicina,
769 3694 890 3777 digesta
905 3696 1000 3759 etiam
1011 3698 1208 3780 superiorum
1215 3699 1368 3765 universa
1375 3720 1429 3767 su·

266 3798 411 3881 scipiunt.
450 3795 531 3873 Quid
546 3817 618 3878 ergo
633 3816 717 3861 nunc
733 3794 905 3862 faciemus?
925 3800 954 3862 si
967 3799 1137 3864 auferimus
1152 3800 1316 3885 iuferiora,
1333 3822 1430 3891 supe·

266 3902 347 3963 riora
362 3904 519 3963 corruunt.
542 3898 662 3963 Tamen
677 3901 704 3963 si
720 3899 910 3965 destruenda
923 3907 1014 3965 erant
1026 3901 1184 3984 inferiora,
1197 3923 1263 3969 non
1275 3902 1338 3971 hec
1348 3904 1430 3972 alius

264 4008 387 4085 poterat
400 4004 463 4066 nisi
475 4001 524 4066 dei
537 4000 621 4066 filius
632 4001 745 4067 facere.
767 4002 938 4068 Videamus
949 4024 1021 4086 ergo
1032 4010 1212 4071 utrumnam
1222 4007 1292 4093 ipse
1302 4006 1429 4077 desun-

264 4107 345 4168 xerit
359 4104 417 4169 hoc
432 4104 515 4189 quod
530 4125 587 4168 nos
602 4104 736 4169 dicimus
751 4126 944 4191 permanere.
967 4104 1123 4190 3Ρίιειιιιὲς,
1137 4110 1253 4193 inquit,
1268 4113 1433 4197 qaiaoeni

264 4208 359 4292 tepent
373 4208 541 4289 destrucre,
556 4218 613 4271 oet
623 4208 816 4293 prophetea?
828 4208 904 4273 Noa
918 4211 991 4273 oeni
1003 4209 1099 4296 lacem
1111 4210 1239 4294 solome,
1252 4215 1312 4281 aad
1320 4216 1427 4283 adim·

258 4311 356 4394 plere.
378 4310 463 4375 Haec
475 4317 507 4374 et
518 4310 567 4375 his
579 4310 694 4376 similia
705 4311 814 4377 dicens
826 4318 954 4378 sauctus
965 4311 1155 4398 Euphranor
1165 4316 1428 4405 episeopusmul·

263 4574 287 4628 3·
299 4505 377 4628 Rcchd:
386 4505 530 4637 lllllfldd-
544 4505 566 4559 1.
578 4522 690 4578 eumque
702 4507 788 4562 omnia
798 4506 910 4562 molesia
920 4525 981 4564 eum
990 4508 1154 4578 synodoMS.
1162 4509 1230 4581 Aac.
1265 4510 1292 4567 2
1303 4512 1398 4581 Ceral,
1405 4518 1428 4571 l.

314 4642 846 4716 capula-lucratanorraaup.
882 4644 1179 4731 2.Pulm.Cffl‚ld.ld.
1211 4646 1426 4719 dmm.
