3046 5124
285 351 344 416 122
788 346 940 390 smum

282 513 363 571 trem
377 509 518 570 nostram
532 507 702 569 aestiment
720 524 830 571 caecos
850 511 923 569 ante
943 506 1040 570 fuisse
1056 524 1150 591 quam
1163 510 1329 590 gustarent
1343 505 1383 572 de
1399 527 1443 571 er·

284 611 368 690 bere,
384 616 553 693 posteaque
570 610 748 693 ¹aperuisse
764 629 838 673 sues
854 608 995 690 oculose,
1015 629 1051 673 ao
1063 615 1137 673 tune
1153 608 1236 692 qued
1251 609 1328 673 nudi
1344 616 1447 673 essent

283 711 295 750 ²
300 712 488 797 pervidisse,
516 733 587 775 eum
609 718 681 775 ante
703 715 859 796 scriptura
882 711 1012 775 dirueritc
1042 711 1124 794 quod
1145 711 1244 776 ³vidit
1264 712 1331 776 Eva
1352 713 1446 777 oeulis

283 818 348 879 suis
364 815 505 878 arborem
520 821 552 877 et
566 815 700 878 fructum
716 817 783 878 eius
803 820 851 895 et,
866 817 940 898 quie
954 814 1036 878 bona
1050 820 1180 898 aspectu
1195 820 1227 878 et
1241 816 1348 879 suavis
1368 817 1447 896 visu,

282 918 474 982 ⁴extendens
495 938 623 981 manum
645 919 825 999 gustaverit.
865 917 1101 982 Haereticorum
1123 922 1171 981 est
1192 919 1297 1000 itaque
1319 916 1446 982 demen-

284 1025 355 1104 tiae,
371 1025 403 1084 et
416 1020 602 1084 Iudaeorum
616 1023 720 1105 potius
737 1021 913 1101 caecitatis,
928 1020 1004 1084 ⁵hoo
1019 1022 1064 1083 ite
1079 1023 1211 1101 sentire,
1234 1040 1306 1084 eum
1320 1021 1447 1085 medum

283 1146 347 1189 non
362 1123 538 1205 intelligant
552 1122 729 1186 6nuditatis.
763 1123 914 1205 Haneque
938 1124 1139 1187 amissionem
1153 1122 1401 1187 immortalitatis
1416 1126 1448 1188 in

283 1228 550 1312 praevaricatione
566 1225 707 1288 mandati
722 1246 779 1290 nos
795 1225 911 1306 decuit,
927 1246 989 1289 non
1002 1228 1139 1309 eorporis
1151 1225 1336 1290 nuditatem.
1362 1225 1449 1303 Quod

284 1352 341 1394 nes
357 1328 515 1414 apestolus
531 1328 647 1409 docuit,
663 1328 807 1408 diconsd,
822 1328 876 1408 Et,
891 1331 921 1391 ei
932 1329 1040 1391 induti
1053 1327 1219 1410 Christum,
1233 1350 1298 1393 non
1308 1330 1447 1393 audiis-

284 1435 463 1507 eceiumur3
479 1437 510 1493 et
525 1434 672 1512 iterume,
687 1430 814 1494 [educte
833 1429 1117 1495 corescumbam.
1150 1430 1189 1494 Et
1203 1431 1286 1514 qued
1303 1431 1448 1496 deminus

284 1539 318 1599 in
333 1533 492 1616 evangelio
508 1536 659 1616 increpat,
675 1533 783 1597 dicens
794 1532 840 1597 illi
854 1535 907 1616 qui
919 1553 983 1596 non
994 1533 1214 1597 indumentum
1225 1532 1446 1617 nuptiale‘ha·

285 1638 363 1719 buit,
379 1639 430 1719 qui
447 1642 513 1698 erat
528 1641 656 1699 vocatus
672 1636 729 1699 7ad
743 1639 880 1719 nuptias.

118 1767 167 1817 etp.
182 1767 265 1805 ervrr.
346 1739 566 1804 Esthaeresis⁸
578 1759 667 1821 quae,
679 1760 750 1802 cum
761 1738 849 1802 audit
856 1741 891 1801 in
900 1739 1014 1803 Genesi
1027 1739 1110 1822 quod
1122 1739 1279 1804 ¹dominus
1282 1762 1347 1826 per
1357 1739 1447 1826 pelli·

354 1927 375 1980 l.
388 1943 432 1978 eos
445 1925 577 1994 aperuisse
590 1927 623 1978 A.
659 1925 682 1977 2.
695 1924 848 1994 pervidisset
860 1924 892 1978 Β.
932 1925 956 1977 3.
968 1924 1033 1978 vidit
1043 1925 1128 1995 inquit
1139 1925 1194 1978 Era
1205 1926 1239 1977 A.
1251 1925 1317 1978 uidit
1328 1927 1394 1995 (vidi
1407 1926 1450 1993 Β.)

285 1997 363 2048 etiarn
379 1995 459 2047 Bobc.
499 1994 523 2047 4.
537 2001 561 2046 et
575 1993 717 2046 extendens
733 1994 797 2045 Boc.
832 1993 856 2046 5.
869 1990 918 2045 hoc
930 2000 971 2045 est
981 1994 1019 2045 its
1031 1995 1065 2045 A.
1106 1994 1128 2046 6.
1148 1994 1260 2062 Vulpata
1272 1997 1450 2047 distinetieest

284 2066 415 2128 nuditatis,
431 2063 549 2131 hancque
568 2073 625 2115 cett.
662 2063 713 2113 Pro
733 2062 806 2115 Hane
825 2078 858 2114 ue
875 2066 1051 2130 resumpserint
1067 2063 1179 2116 Haneee.
1231 2062 1255 2116 7.
1279 2063 1311 2115 ad
1329 2064 1447 2133 nuptias:

284 2135 381 2197 Amice,
393 2132 523 2202 quomedo
535 2131 586 2183 hue
598 2131 700 2183 intrasti
712 2148 764 2183 nou
777 2079 875 2183 hebens
887 2135 985 2183 vestem
999 2148 1035 2183 nu
1053 2131 1143 2184 tielem
1155 2132 1191 2195 (Α
1192 2133 1229 2198 )ὀ.

352 2202 414 2273 Cap.
427 2200 528 2254 CXVII.
542 2203 608 2252 aolus
626 2200 782 2250 curceienses
800 2200 865 2250 liber
877 2203 997 2251 serravit.
1062 2202 1206 2252 resisteretur
1223 2203 1305 2268 iqitur
1321 2204 1350 2252 ie
1368 2201 1448 2255 Bate.

285 2303 317 2310 -
337 2274 358 2324 l.
372 2271 491 2324 dominus
503 2269 619 2339 pellicias
631 2269 732 2321 tunicas
745 2269 779 2320 Α.

285 2445 362 2546 puero
374 2426 431 2478 vide
444 2424 513 2479 xlv,
529 2425 567 2477 17.
581 2425 612 2477 de
625 2423 735 2476 Ciuitate
748 2423 803 2488 Dei,
816 2428 842 2475 et
892 2422 1089 2544 pValentiniani)
1107 2423 1196 2477 choico
1214 2429 1408 2494 supertextam,
1425 2430 1450 2478 et

285 2515 292 2548 1

302 2498 319 2547 ri
341 2493 486 2547 leonhardi
507 2493 606 2562 Coquei
625 2499 709 2544 riolas.
738 2492 841 2559 [Simon
911 2508 960 2544 ane
972 2494 1170 2579 essspellieeam
1180 2493 1296 2545 tunicam
1307 2494 1449 2547 obnoxiam

284 2567 379 2632 Magus
408 2562 477 2631 apud
506 2563 657 2631 scriptorem
680 2561 842 2612 Ebionaeum
894 2562 1007 2614 sensui.'‘
1024 2563 1057 2614 lat
1068 2577 1124 2633 esp.
1137 2561 1161 2614 7.
1180 2560 1210 2614 de
1222 2561 1326 2617 Resurr.
1345 2564 1448 2616 Carnis:

285 2632 505 2685 Clementinorum
517 2629 560 2681 lIl.
573 2629 613 2681 39.
639 2627 745 2694 ,atrita
758 2625 840 2698 γοῦνδ
895 2629 999 2700 „Neque
1016 2631 1135 2694 enimet
1148 2629 1252 2699 quidam
1270 2631 1375 2695 uolunt,
1392 2633 1449 2684 illae

286 2701 339 2752 καθ’
356 2697 473 2769 ὁμοίωσιν
492 2697 566 2749 αὐτοῦ
585 2696 694 2766 γεγονὼς
710 2695 789 2784 ‘desp
801 2697 841 2748 sel
891 2698 1015 2768 pelliceae
1034 2700 1149 2762 tunicae,
1170 2714 1234 2767 quas
1252 2698 1336 2751 Adam
1358 2704 1384 2752 et
1398 2700 1450 2752 Era

285 2768 376 2837 τυφλὸς
389 2767 492 2828 κτίζεται
505 2767 544 2817 καὶ
561 2768 650 2853 periere
663 2762 756 2834 ἀγαθοῦ
769 2786 784 2831 η
798 2783 841 2816 κα·
892 2767 1042 2836 paradisum
1077 2768 1149 2821 exuti
1186 2767 1338 2833 induerunt,
1379 2769 1450 2838 ipsae

286 2842 330 2888 κοῦ
349 2836 393 2887 οὐκ
413 2832 478 2905 ἔχων
496 2834 684 2904 παραοέδοται.”
710 2834 782 2888 Adde
799 2834 842 2887 III.
894 2843 969 2888 erant
985 2837 1069 2888 earnis
1085 2853 1119 2889 ex
1136 2837 1198 2888 limo
1215 2836 1374 2901 reformatio,
1392 2853 1450 2889 eum

285 2907 338 2971 lb]
372 2904 429 2969 (F.)
893 2905 1027 2975 aliquanto
1044 2905 1116 2975 prius
1133 2911 1159 2957 et
1180 2905 1262 2958 Adam
1288 2906 1450 2958 substantiae

320 2976 344 3026 b.
362 2979 505 3042 posteaque
517 2974 649 3061 aperuisse
667 2989 728 3025 sues
742 2974 841 3040 oeulos]
893 2990 957 3026 suae
967 2973 1100 3026 traducem
1112 2975 1139 3026 in
1150 2974 1248 3025 semina
1258 2973 1312 3025 iam
1324 2989 1450 3026 camere·

287 3043 380 3095 Genes.
391 3041 434 3093 Ill.
445 3041 468 3093 7.
504 3042 560 3109 (b.)
893 3043 1054 3109 cognoverit:
1083 3042 1139 3095 lIoc
1161 3058 1230 3094 nunc
1248 3057 1277 3093 es
1296 3058 1330 3094 ex
1348 3044 1451 3095 ossibus

319 3128 340 3163 e.
351 3117 410 3162 ante
417 3112 545 3180 scriptura
551 3111 656 3177 dixerit]
665 3110 737 3162 Vers.
745 3110 768 3162 6.
786 3110 842 3175 (F.)
893 3113 966 3174 meis,
976 3119 1001 3164 et
1012 3128 1072 3163 caro
1084 3126 1118 3163 ex
1130 3126 1207 3163 earne
1219 3125 1285 3174 mea,
1301 3111 1397 3181 etipsa
1408 3111 1450 3163 de·

319 3180 343 3230 d.
361 3179 462 3244 diceus]
479 3180 494 3230 2
507 3178 621 3231 Corinth.
633 3180 663 3230 V.
673 3179 697 3231 3.
717 3177 790 3247 ,Elpe
802 3178 842 3229 sel
892 3180 982 3232 libatio
993 3181 1102 3233 maseuli
1118 3180 1145 3231 in
1157 3179 1281 3231 feminam
1297 3195 1376 3232 earne
1393 3197 1451 3250 sup·

286 3244 448 3315 ἐνδυσάμενοι,
455 3245 483 3297 οὗ
508 3267 520 3297 υ
541 3246 608 3297 veleb
626 3247 844 3316 ednedpsilal'ffl)
895 3249 965 3318 pleta
981 3249 1023 3311 sit,
1039 3248 1117 3312 lime,
1135 3248 1237 3318 opiner,
1254 3247 1413 3317 supplenda,
1429 3248 1452 3301 si

320 3334 341 3369 e.
361 3266 506 3383 etiterum]
561 3266 844 3380 n1.illll.1r.,’1eves-
896 3317 980 3369 Adam
997 3316 1080 3369 adhue
1097 3316 1200 3370 limus.”
1229 3315 1326 3382 Quas,
1364 3317 1451 3369 llicees

287 3385 361 3437 escle
374 3383 416 3434 τὀν
429 3384 511 3452 κύριον
524 3381 643 3448 ‘lupaces’⁸
679 3384 737 3448 (F.)
896 3385 1328 3449 tunices”roeoritTertullianus,,
1349 3385 1451 3438 ermeti-

320 3455 337 3507 s.
360 3453 541 3505 indumentum
560 3452 687 3521 nuptiale]
718 3449 845 3522 ,Ἔνδυμα
896 3470 956 3507 uem
968 3454 1098 3507 tunicam''
1107 3454 1174 3506 dixit
1182 3452 1312 3517 irenaeus,
1322 3452 1393 3506 buno
1403 3454 1452 3506 Va-

287 3520 384 3593 palpo&
396 3519 488 3574 Matth.
500 3520 586 3573 XXll.
603 3520 640 3572 ll.
678 3521 735 3583 (F.)
896 3524 1070 3575 lentianorum
1086 3538 1199 3575 errorem
1214 3537 1354 3574 recensens
1370 3523 1416 3576 lib.
1432 3520 1451 3576 L

321 3592 356 3645 Ge
378 3588 496 3643 ‚cxvii
504 3619 537 3628 -
548 3606 571 3640 a.
583 3588 630 3640 Est
639 3588 763 3658 haeresis]
776 3589 847 3652 Quae
898 3607 953 3661 cap.
965 3591 981 3644 5
991 3609 1016 3644 n.
1026 3591 1063 3643 5.:
1078 3591 1154 3656 ,Post
1165 3590 1257 3644 deinde
1266 3591 1454 3644 circumdatam

287 3663 317 3714 de
338 3608 444 3713 ›ebieeis
456 3658 549 3710 tunicis
561 3657 702 3726 primorum
711 3664 848 3727 parentum
898 3659 987 3712 dieunt
1002 3661 1026 3712 ei
1046 3659 1217 3712 donnatinanr
1235 3659 1365 3725 tunicem3
1386 3658 1453 3713 hanc

286 3681 364 3783 tradit
375 3728 539 3791 Philastrius,
556 3743 588 3778 ea
599 3726 708 3778 tendunt
724 3726 756 3778 ad
773 3726 847 3778 refel·
898 3734 985 3780 autem
995 3729 1143 3781 sensibilem
1156 3744 1261 3780 earnem
1271 3744 1328 3781 esse
1337 3728 1453 3781 velunt.”

288 3800 391 3852 leudam
403 3798 506 3850 illorum
518 3795 636 3848 haeresin
654 3796 698 3863 qui
714 3793 846 3847 hominem
897 3797 988 3849 Sixtus
1006 3796 1130 3848 Senensis
1147 3797 1192 3849 lib.
1207 3797 1238 3848 V.
1255 3796 1323 3848 Bibl.
1341 3796 1454 3850 Sanctae

286 3869 340 3920 iem
356 3866 488 3927 choicum,
504 3871 533 3916 ut
550 3866 587 3916 ait
603 3863 725 3915 irenaeus
741 3862 761 3925 I,
777 3862 801 3926 5,
813 3862 845 3928 5,
897 3870 986 3918 annot.
999 3864 1040 3915 53.
1060 3864 1139 3916 refert
1155 3881 1266 3917 errorem
1284 3862 1354 3917 hune
1372 3866 1453 3919 able·

287 3936 313 3987 id
323 3943 404 3987 estex
414 3934 687 3994 materiaconcretum‚
696 3948 748 3983 non
758 3938 845 3984 tamen
896 3932 984 3985 thodie
996 3932 1156 4001 adscriptum
1164 3934 1245 3985 fuisse
1255 3933 1366 4002 Origini,
1396 3933 1454 3987 ussi

288 4006 321 4054 ab
339 4003 388 4056 hee
407 4004 478 4056 arida
494 4010 577 4068 terre,
601 4000 647 4053 sed
669 4000 702 4051 ab
722 4000 846 4052 invisibili
895 4003 918 4053 is
936 4001 1098 4054 existimaret
1116 4018 1185 4061 ,rem
1202 4000 1343 4054 admodum
1360 4003 1383 4054 ri
1402 4002 1453 4054 'eu-

289 4072 436 4124 substantia
468 4072 580 4124 formam
610 4069 742 4139 accepisse
771 4074 845 4136 puta·
897 4071 949 4122 lam
962 4085 1019 4122 esse
1032 4069 1101 4138 quod
1114 4070 1177 4122 deus
1195 4070 1452 4123 decoriatismortuis

288 4139 365 4193 baete
381 4138 474 4192 deinde
486 4141 617 4192 carnalem
634 4137 797 4207 superficiem
815 4153 845 4189 ae
896 4138 1072 4190 animantibus
1084 4139 1166 4208 pelles
1179 4143 1282 4208 pararet
1293 4143 1320 4189 et
1330 4138 1454 4208 pelliceas

289 4207 438 4258 sensibilem
448 4210 563 4276 corporis
574 4209 685 4261 formem
697 4213 759 4259 tunc
770 4205 845 4259 indu·
896 4207 998 4258 tunicas
1011 4214 1155 4270 consueret,
1168 4223 1198 4259 ae
1210 4206 1233 4258 si
1246 4213 1316 4258 esset
1328 4208 1453 4260 sorianus

289 4274 349 4334 isse,
363 4288 422 4324 cum
435 4276 462 4327 in
473 4276 568 4329 Genesi
578 4277 673 4344 legitur
682 4275 752 4345 quod
764 4274 845 4327 domi·
896 4276 938 4327 rel
949 4275 1055 4344 pellium
1067 4276 1164 4328 sutor.‘’
1175 4276 1257 4345 Aque
1270 4281 1359 4328 tamen
1368 4291 1454 4329 errore

289 4357 339 4393 nus
349 4341 470 4408 pelliceas
483 4346 583 4397 tunicas
595 4345 685 4414 primis
694 4345 845 4414 parentibus
897 4343 1036 4412 Origenem
1052 4351 1149 4414 purgat
1163 4344 1287 4397 Senensis
1300 4344 1391 4397 eadem
1409 4360 1454 4397 an·

289 4409 359 4462 feeit.
388 4408 443 4459 lloe
454 4419 541 4463 autem
553 4415 659 4465 nemine
671 4415 846 4482 arguebantur
897 4418 978 4466 notat.
990 4412 1031 4466 53.
1043 4414 1169 4465 subdens:
1185 4413 1325 4532 ,Suspicor
1335 4411 1406 4466 hune
1417 4413 1454 4465 le·

289 4477 456 4600 potissimum
464 4478 646 4545 Valentiniani,
659 4488 689 4533 ut
700 4486 802 4535 constat
812 4498 847 4534 ex
897 4481 1245 4551 cumfuissecerruptuma
1275 4480 1386 4533 aemulis
1398 4480 1454 4534 Ori·

313 4545 448 4599 ertulliane
462 4545 519 4599 adr.
531 4548 633 4604 Valent.
645 4565 701 4619 cap.
711 4550 750 4603 Ἃ
766 4550 847 4617 ,lute-
897 4551 986 4619 genis3
998 4551 1020 4603 is
1033 4551 1102 4603 enim
1113 4551 1141 4603 in
1152 4550 1202 4602 bac
1213 4566 1241 4602 re
1252 4556 1368 4602 mentem
1380 4564 1454 4602 suam

290 4616 340 4670 rim
352 4614 481 4668 semelem
493 4616 657 4684 superficiem
669 4623 761 4687 postea
774 4620 848 4674 aiunt
898 4617 1023 4673 catholice
1034 4620 1119 4688 aperit
1128 4618 1223 4673 Hemil.
1232 4617 1257 4673 6.
1268 4618 1296 4671 in
1304 4617 1397 4683 berit,
1408 4617 1453 4672 ubi
