3046 5124
481 364 520 405 ns
533 362 710 405 mauram
721 361 814 403 nmen
1164 360 1225 425 219

66 520 221 589 handus.
256 520 296 587 ut
310 520 387 587 alias
402 521 530 605 quidem
542 520 611 606 ipso
633 523 871 598 commemorat,
891 516 946 581 sed
969 515 1047 581 mihi
1064 512 1225 600 appellan-

65 622 125 691 dae
147 622 295 689 haereses
315 644 380 688 non
399 624 555 689 uidentur.
592 623 798 704 Qurasounque
824 626 929 684 autem
954 619 1021 682 sine
1047 617 1225 683 nominibus

65 728 169 813 posui,
181 746 242 791 nec
255 727 324 811 ipse
340 747 449 791 earum
463 727 592 792 nomina
606 727 866 789 commemoravit.

48 892 53 899 .
127 826 394 910 Luciferianos,a
415 828 557 894 Lucifero
579 827 754 893 Caralitano
777 827 923 911 episcopo
949 830 1070 889 exortos
1091 831 1123 888 et
1144 824 1226 889 ccle-
1246 838 1295 888 cu·
1310 837 1401 877 eml-

66 928 165 997 briter
183 932 378 1013 nominatos,
404 952 463 996 nec
483 931 676 1016 Epiphanius
700 950 759 994 neo
777 928 933 993 Philaster
951 928 1034 993 inter
1054 926 1227 993 haereticos

64 1032 186 1121 posuit,
206 1034 299 1099 credo
320 1034 534 1099 tautummodo
555 1033 709 1114 schisma,
730 1052 793 1096 non
813 1030 968 1096 haeresim
983 1052 1035 1094 eos
1050 1030 1227 1095 condidisse

66 1134 241 1202 mentes.
277 1136 370 1221 Apud
397 1136 554 1220 quendam
579 1142 685 1199 tamen
711 1135 800 1199 cuius
825 1154 941 1199 nomen
965 1134 1000 1198 in
1025 1133 1135 1198 eodem
1161 1133 1227 1196 eius

66 1237 217 1327 opusculo
242 1259 306 1303 nou
329 1242 450 1318 iuveni,
476 1240 509 1302 in
530 1237 696 1302 haereticis
716 1237 930 1302 Luciferianos
952 1236 1070 1321 positos
1092 1235 1154 1317 legi
1173 1255 1228 1320 per

64 1338 144 1411 haec
150 1340 264 1407 rerba:
278 1341 477 1424 luciferiani,
485 1341 597 1424 inquit,
612 1361 684 1405 cum
699 1345 829 1404 teneant
842 1342 875 1403 in
887 1338 1032 1427 omnibus
1044 1337 1229 1403 catholicam

66 1442 246 1525 vanhtem,
266 1444 299 1507 in
315 1444 397 1508 huno
413 1464 550 1509 errorem
564 1442 786 1507 stultissimum
799 1440 1019 1526 prolabuntur,
1039 1449 1074 1505 ut
1093 1442 1229 1507 animam

67 1544 174 1611 dicant
193 1566 233 1609 ex
252 1547 463 1611 transfusione
485 1545 644 1629 generari,
665 1545 836 1626 eademque
857 1544 966 1608 dicunt
985 1551 1018 1607 ot
1038 1543 1075 1608 de
1091 1564 1182 1608 carno
1198 1550 1230 1607 et

67 1646 225 1713 decernis
244 1668 314 1714 esse
333 1649 519 1713 substantia.
556 1648 670 1713 Utrum
692 1669 764 1731 ergo
783 1646 843 1710 isto
863 1654 990 1731 proptor
1008 1646 1068 1711 hoc
1089 1646 1172 1730 quod
1191 1645 1229 1711 do

67 1750 172 1817 anima
184 1750 231 1815 ita
245 1753 386 1816 sentiunt
400 1750 440 1835 (si
455 1760 561 1815 tamen
576 1771 648 1815 vere
660 1753 705 1814 ita
719 1747 880 1830 sentiunt),
895 1770 954 1821 eos
963 1749 1046 1813 inter
1057 1748 1229 1813 haereticos

68 1851 228 1938 ponendos
244 1874 314 1917 esso
329 1854 512 1935 crediderit,
532 1859 679 1936 recteque
700 1851 884 1931 crediderit,
905 1872 945 1914 an
966 1851 1062 1917 etiam
1077 1852 1104 1915 si
1119 1851 1152 1915 id
1167 1870 1228 1916 non

67 1954 230 2037 sentirent,
245 1959 310 2021 sive
324 1976 389 2020 non
404 1959 555 2037 sentiunt,
569 1956 639 2019 ideo
651 1962 757 2019 tamon
769 1954 834 2018 sint
847 1953 1007 2035 haeretici,
1022 1953 1096 2037 quia
1107 1954 1229 2018 dissen-

68 2056 188 2125 sionem
202 2079 293 2123 suam
306 2060 461 2143 pertinaci
476 2059 675 2123 animositate
691 2059 865 2137 firmarunt,
880 2057 942 2121 alia
954 2059 1095 2140 quaestio
1105 2062 1164 2138 est,
1173 2076 1228 2121 no·

68 2178 126 2247 qne
140 2159 202 2227 hoc
216 2159 283 2227 loco
298 2160 378 2227 milri
392 2161 515 2226 videtur
529 2182 598 2226 csse
613 2160 786 2225 tractanda.

127 2261 350 2329 Iovinianistas
372 2284 493 2348 quoque
523 2263 606 2349 apud
630 2265 727 2329 istum
754 2261 856 2347 reperi
882 2282 958 2345 quos
984 2262 1049 2327 iam
1071 2283 1228 2328 noveram.
1248 2269 1296 2318 Cu·
1314 2268 1418 2307 imfl-

67 2364 270 2433 Aloviniano
287 2366 421 2450 quodam
435 2366 588 2432 monacho
603 2366 665 2431 ista
679 2365 817 2430 haeresis
838 2372 906 2429 orta
925 2371 973 2429 est
992 2372 1093 2430 aetate
1113 2373 1230 2448 nostra,

68 2488 141 2537 eum
158 2467 263 2534 adhuc
285 2471 413 2533 iuvenes
436 2490 586 2536 essemus.
625 2469 700 2533 1Hic
726 2468 831 2533 omnia
854 2475 1000 2553 peccata,
1025 2471 1108 2534 sicut
1133 2467 1229 2534 Stoici

68 2568 256 2657 philosophi,
270 2575 359 2657 paria
373 2592 442 2637 esse
458 2573 594 2655 dicebat,
609 2593 668 2637 nec
683 2592 776 2657 posse
792 2592 920 2656 peccare
933 2570 1093 2637 hominem
1107 2572 1229 2638 lavacro

68 2673 310 2759 regenerationis
326 2683 465 2760 accepto,
479 2697 537 2741 nee
553 2674 670 2759 aliquid
686 2674 833 2759 prodesse
849 2674 965 2738 ieiunia
979 2674 1028 2739 vel
1044 2696 1063 2738 a
1078 2674 1157 2740 cibis
1171 2674 1229 2740 ali·

70 2775 184 2863 quibus
198 2777 433 2843 abstinentiam.
470 2778 689 2860 Virginitatem
703 2778 818 2843 Mariae
831 2776 1024 2858 destruebat,
1039 2776 1147 2843 dicens
1161 2797 1231 2843 eam

66 2878 218 2967 pariendo
239 2880 335 2945 fuisse
356 2888 544 2966 corruptam.
581 2880 800 2964 Virginitatem
825 2880 920 2943 otiam
946 2879 1231 2947 sanctimonialium

68 2989 100 3048 et
112 2983 341 3049 continentiam
356 3005 450 3048 sexus
465 2983 563 3050 virilis
579 2986 612 3047 in
628 2986 745 3049 sanctis
761 2982 947 3065 eligentibus
968 2981 1121 3049 caelibem
1134 2985 1232 3051 uitam

68 3084 285 3168 coniugiorum
305 3094 461 3151 castorum
484 3093 576 3170 atquc
598 3085 736 3151 fidelium
755 3087 875 3151 meritis
897 3085 1107 3169 adaequabat,
1133 3089 1179 3151 ita
1197 3094 1232 3151 ut

67 3187 222 3275 quaedam
236 3188 373 3272 virgines
389 3210 495 3253 sacrae
516 3196 680 3274 provectae
701 3189 764 3252 iam
779 3189 891 3252 aetatis
906 3190 938 3253 in
955 3190 1031 3253 urbe
1046 3190 1159 3271 Roma,
1178 3191 1232 3256 ubi

66 3290 145 3357 haec
161 3290 305 3373 docebat,
321 3311 356 3356 eo
372 3292 478 3356 carlito
494 3292 639 3377 nupsisse
655 3291 808 3356 dieantur.
849 3291 919 3357 Non
935 3313 1011 3357 sane
1026 3295 1093 3377 ipse
1109 3292 1159 3357 vel
1175 3292 1230 3358 ha·

66 3392 163 3461 bebat
176 3393 228 3459 vel
242 3394 357 3458 habere
373 3394 498 3460 uolebat
514 3416 655 3477 uxorem,
675 3395 758 3479 quod
778 3416 841 3459 nou
862 3402 987 3480 propter
1006 3395 1133 3479 aliquod
1148 3395 1231 3480 apud

66 3496 161 3565 deum
183 3500 284 3562 maius
304 3500 452 3563 meritum
471 3499 504 3563 iu
524 3519 618 3580 regno
645 3497 727 3563 ritae
748 3506 916 3584 perpetuae
942 3500 1151 3584 profuturum,
1176 3499 1231 3563 sed

65 3607 194 3689 propter
207 3608 407 3687 praesentem
415 3601 563 3686 prodesse
579 3604 811 3683 necessitatem,
826 3602 885 3665 hoo
901 3609 949 3665 ost
963 3623 1002 3665 no
1016 3602 1107 3666 homo
1122 3601 1229 3666 coniu-

66 3702 151 3789 gales
166 3705 305 3789 patiatur
318 3703 489 3787 molestias,
505 3703 694 3789 disputabat
732 3704 799 3768 Cito
820 3711 925 3768 tamen
941 3705 1002 3768 ista
1021 3703 1160 3767 haeresis
1176 3724 1230 3789 op·

65 3826 176 3893 pressa
191 3813 223 3871 et
238 3807 377 3871 extincta
391 3814 449 3887 est,
465 3829 523 3872 noc
540 3828 636 3891 usque
652 3806 692 3871 ad
708 3807 924 3891 deceptionem
938 3806 1113 3890 aliquorum
1127 3827 1230 3872 sacor-

67 3908 177 3977 dotum
191 3912 293 3995 potuit
307 3913 479 3994 pervenire.

129 4010 211 4079 com
224 4013 351 4077 Eusebii
366 4012 528 4079 historiam
542 4020 755 4100 perscrutatus
772 4034 884 4092 essem,
905 4012 956 4078 cui
970 4013 1100 4077 Rufinus
1116 4032 1135 4077 a
1150 4032 1183 4077 se
1197 4014 1232 4078 in
1250 4031 1299 4082 cnr·
1313 4031 1428 4071 bfflm·

64 4116 212 4183 Latinam
226 4115 365 4198 linguam
379 4117 550 4180 translatae
572 4117 830 4200 subsequentium
852 4118 948 4179 etiam
962 4121 1138 4199 temporum
1154 4115 1230 4180 duos

65 4216 164 4285 libros
187 4217 325 4300 addidit,
345 4239 408 4283 non
428 4219 533 4283 iuveni
554 4221 691 4304 aliquam
710 4219 882 4299 haeresim,
905 4238 999 4302 quam
1018 4239 1082 4282 uon
1101 4217 1230 4302 legerim

64 4320 259 4408 repudiatos,
280 4324 342 4386 nisi
364 4342 457 4406 quam
473 4325 506 4385 in
521 4330 609 4387 sexto
624 4322 704 4387 libro
720 4321 810 4406 ponit
821 4320 991 4403 Eusebius,
1012 4340 1144 4387 narrans
1161 4344 1230 4388 eam

66 4423 208 4491 extitisse
222 4423 257 4490 in
271 4423 397 4489 Arabia
431 4424 541 4508 ltaque
555 4425 612 4491 hos
626 4424 811 4507 haereticos,
826 4425 973 4508 quoniam
987 4424 1107 4492 nullum
1123 4446 1231 4492 eorum

134 4642 196 4715 Gap.
207 4640 343 4699 mxu.
357 4675 389 4684 —
410 4646 430 4698 l.
449 4645 478 4700 Γ,
491 4646 620 4700 Admonet.
632 4650 659 4698 io
672 4647 714 4701 lib.
728 4648 759 4699 de
773 4646 841 4699 Bono
852 4646 955 4716 Corriuq.
970 4657 1024 4702 tom.
1044 4646 1089 4702 Vl.
1109 4645 1229 4717 (Beuedi
