3046 5124
297 402 358 465 294
727 396 1016 441 rsuunnnrnaonuur

296 560 411 640 partes,
426 561 460 620 ut
474 557 530 622 lilii
545 560 628 621 circa
641 562 761 642 patrem
773 559 974 643 suppositam,
989 578 1051 621 non
1064 557 1198 623 eandem
1208 558 1368 623 volitasse
1380 559 1448 624 sub·

298 662 452 723 stantiam.
548 658 550 663 ’
1029 662 1033 671 “

152 777 202 828 Ceo·
215 778 278 818 xxv.
359 762 1452 845 Luciferiani⁸cnmtoneantinomuibuscatholicamveritatem,iuhuuo

297 885 432 929 errorem
444 865 880 950 stultissimumperlabuntur,
891 869 1067 929 ntanimam
1075 866 1182 931 dicant
1193 887 1233 929 ex
1244 867 1452 931 transfusione

296 971 450 1050 generari3
464 968 653 1051 eandemque
667 969 775 1032 dicunt
786 973 817 1031 et
829 969 866 1032 de
879 989 971 1033 carne
984 974 1015 1033 ot
1027 969 1064 1033 de
1076 971 1179 1033 earnis
1192 990 1263 1033 esse
1272 969 1452 1035 substantia.

141 1084 191 1137 feo·
204 1086 279 1126 xxva
361 1070 524 1152 Sabellius,
545 1074 597 1153 qui
613 1078 644 1134 et
657 1073 918 1156 l'atripassianus,
938 1071 970 1135 id
986 1077 1034 1135 est
1048 1071 1226 1152 ¹Unionita,
1246 1070 1342 1136 dicit:
1367 1072 1455 1135 Pater

298 1194 369 1237 enm
385 1179 442 1254 est,
457 1193 515 1237 nec
530 1178 618 1257 pater
632 1194 690 1237 nec
705 1174 788 1236 filius
804 1179 852 1236 est
865 1173 998 1238 risibilis
1018 1181 1111 1258 atque
1132 1170 1329 1258 ²passibilis:
1351 1173 1454 1237 volens

296 1282 331 1338 ut
346 1278 428 1339 sicut
441 1296 521 1338 unus
538 1276 613 1339 deus
630 1282 688 1356 est,
702 1279 747 1338 ita
761 1297 824 1339 una
839 1297 971 1361 persona
985 1279 1017 1340 in
1033 1276 1149 1340 deit-ate
1163 1278 1216 1357 sit,
1229 1275 1395 1341 mutabilis
1408 1282 1453 1339 ta-

297 1399 369 1441 men
385 1384 416 1441 ct
430 1377 615 1462 ³passibilis.
650 1379 824 1462 Antequam
840 1399 964 1443 carnem
976 1400 1015 1442 ex
1028 1381 1147 1461 virgine
1163 1384 1352 1460 assumeret,
1366 1378 1454 1442 deum

297 1487 418 1544 tantum
433 1482 543 1544 fuisse:
559 1487 741 1544 nascentem
756 1502 794 1544 ex
807 1483 926 1563 virgine
941 1481 1039 1544 filium
1054 1483 1123 1565 ipsa
1136 1482 1301 1544 nativitate
1317 1478 1454 1565 appella·

298 1590 374 1664 tum,
395 1589 589 1666 assumptum
611 1588 683 1667 post
697 1586 912 1647 ascensionem
931 1586 964 1647 in
979 1582 1134 1667 spitituali
1147 1581 1257 1665 gloria,
1278 1588 1312 1646 et
1327 1582 1454 1647 descen·

298 1685 424 1748 dentem
440 1705 532 1769 super
546 1685 713 1769 apostolos,
728 1686 920 1770 spiritualem
934 1685 1083 1767 4gratiam
1098 1684 1298 1765 donaturum,
1313 1688 1454 1770 spiritum

299 1793 442 1849 sanctum
456 1789 665 1865 nominatum3
686 1794 721 1850 ut
740 1789 864 1851 trinitas
885 1788 918 1850 in
938 1787 1109 1851 olsrciorum
1129 1786 1323 1869 nominibus,
1344 1808 1406 1852 non
1424 1789 1454 1849 in

297 1888 397 1951 tribus
411 1910 614 1973 personarum
629 1890 804 1974 speciebuS,
818 1889 872 1954 sed
887 1892 967 1953 sicut
982 1909 1062 1953 unus
1078 1888 1165 1969 deus,
1187 1890 1232 1953 ita
1246 1910 1312 1953 una
1326 1910 1455 1976 persona

299 1994 330 2056 iu
346 1991 507 2055 divinitate
523 1995 572 2057 sit.

130 2108 179 2159 Cro·
192 2108 279 2148 ΜΠ·
359 2094 547 2178 Apollinaris
564 2098 696 2181 primum
714 2095 793 2159 dixit
807 2094 992 2160 salvatorem
1012 2115 1138 2160 caruem
1151 2114 1216 2158 uon
1231 2094 1454 2180 adsumpsisse.

296 2198 342 2261 llo
358 2198 415 2261 hoo
433 2201 592 2262 convictus
609 2199 689 2262 dixit
704 2198 847 2261 ¹carnem
862 2198 1083 2283 adsumpsisse,
1098 2196 1310 2265 sedanimam
1325 2217 1388 2263 non
1401 2196 1454 2261 ad·

298 2303 478 2385 sumpsisse.
515 2301 554 2364 Et
574 2302 612 2365 de
632 2302 691 2365 hoc
714 2303 873 2365 convietus
894 2300 972 2363 dixit
992 2305 1023 2363 et
1043 2320 1169 2364 carnem
1189 2304 1221 2363 et
1240 2301 1381 2364 animam
1402 2298 1454 2363 ad·

298 2406 479 2487 sumpsisse,
495 2404 550 2467 sed
566 2425 693 2468 sensum
708 2425 771 2467 non
783 2403 1007 2488 adsumpsisse3
1023 2403 1078 2467 sed
1089 2403 1148 2466 fuit
1163 2404 1232 2486 ipse
1252 2402 1315 2466 sibi
1332 2422 1453 2467 sensus:

297 2506 454 2569 subtiliter
473 2505 661 2572 ²versutiam
677 2528 749 2570 suao
769 2506 886 2570 fraudis
908 2505 1039 2587 doeens,
1060 2505 1168 2570 volens
1195 2510 1304 2569 autem
1332 2525 1454 2569 sensum

296 2611 421 2673 tertiam
440 2609 479 2673 ab
502 2612 606 2672 anima
626 2616 657 2672 ot
677 2608 787 2673 3carne
813 2593 882 2672 esso
903 2609 1125 2689 substantiam,
1144 2613 1200 2671 aut
1220 2628 1354 2672 sensnm
1372 2613 1455 2671 extra

296 2714 440 2776 animam.
477 2712 516 2775 Et
535 2712 605 2776 ideo
626 2734 696 2776 oum
716 2712 863 2776 ⁴sensum
883 2733 947 2776 nou
965 2711 1032 2775 vult
1052 2703 1271 2795 adsumptum,
1292 2710 1455 2774 confitetur

296 2817 433 2878 animam
443 2837 507 2879 non
519 2815 727 2901 adsumptam,
739 2818 887 2899 qnoniam
898 2835 1008 2878 sensus
1021 2815 1141 2877 animae
1154 2811 1364 2878 olfioium'est

117 2926 278 2978 stollxvlss·
358 2917 473 2981 Paulus
500 2921 662 3003 episeopus
689 2919 928 3002 Mesopotamiae
955 2922 1062 2981 contra
1086 2916 1180 2980 fidem
1210 2915 1454 2981 ecclesiasticam

297 3025 414 3083 sectam
428 3021 606 3085 Artemonis
622 3021 808 3102 introduxit,
824 3021 931 3085 dicens
947 3025 1110 3105 propterca
1124 3017 1284 3083 Christum
1299 3018 1455 3083 hominem

297 3123 391 3186 scrisse
407 3130 550 3187 sanctum
565 3132 596 3187 et
611 3146 707 3188 uuum
722 3125 759 3188 do
774 3123 945 3209 prophetis.

144 3236 278 3287 conffl-
360 3226 651 3291 ¹l'neumatomae-hi
667 3229 727 3312 ipsi
742 3232 816 3290 sunt
826 3226 1050 3307 Macedoniani,
1065 3223 1183 3289 similes
1194 3224 1455 3290 Homuucionitis.

295 3329 412 3392 Dicunt
428 3330 572 3413 spiritum
587 3337 729 3393 sanetum
745 3352 807 3393 non
823 3350 891 3393 esso
908 3328 958 3392 dei
973 3330 1192 3409 substantiam,
1212 3326 1269 3391 sod
1285 3336 1455 3391 creaturam

297 3434 446 3495 creaturis
467 3434 578 3495 ceteris
599 3435 750 3516 potiorem
769 3438 801 3496 et
815 3434 992 3495 ministram
1010 3432 1108 3516 patris
1123 3435 1156 3493 et
1169 3428 1238 3511 filii,
1252 3428 1314 3495 hoc
1326 3438 1377 3493 est
1390 3450 1456 3495 curn

296 3536 415 3617 angelis
431 3542 462 3597 et
473 3535 666 3617 archangelis
682 3542 713 3598 et
726 3536 836 3598 ceteris
850 3533 1059 3620 potestatibus
1070 3531 1318 3611 numerandum
1334 3554 1398 3597 non
1412 3538 1455 3597 a·

347 3672 409 3741 Cap.
423 3670 520 3723 XXVI.
535 3700 568 3707 -
583 3670 603 3722 l.
617 3669 740 3721 Unionita
752 3670 857 3724 Coteler.
871 3671 945 3724 Eecl.
962 3671 1006 3721 Gr.
1019 3668 1129 3720 bionum.
1142 3676 1199 3721 wia.
1212 3668 1243 3730 1,
1255 3684 1286 3737 p.
1298 3666 1360 3723 ΤΠ.
1373 3667 1456 3727 oulen,

297 3743 332 3825 ita
344 3741 427 3819 dien.
441 3809 445 3820 Ι
463 3738 486 3790 2.
499 3739 629 3807 passibilis
643 3743 695 3819 est,¹
714 3739 802 3828 voleus
816 3745 845 3791 ut
857 3738 961 3791 Colcler.
973 3739 989 3789 l.
1000 3735 1160 3856 tpassibilis
1172 3740 1225 3800 est,
1237 3735 1338 3817 'voleus
1356 3744 1382 3789 et
1392 3734 1454 3787 Alea.

295 3810 319 3862 d.
332 3809 469 3888 passibilis,
482 3813 621 3876 autequam
634 3809 766 3874 alienoque
778 3810 882 3859 boteler.
893 3810 909 3861 l.
920 3808 945 3871 l,
959 3824 1013 3857 eura
1036 3806 1089 3857 len.
1139 3804 1164 3857 4.
1176 3808 1290 3873 gratum
1303 3804 1456 3859 Gotelerdd.

297 3877 532 4015 glori'llilllilllll
546 3975 578 3984 -
603 3944 623 3997 l.
638 3949 663 3995 et
681 3959 785 3995 carnem
797 3943 863 3996 ,lica
921 3942 945 3996 2.
958 3943 1096 3996 romuliam
1107 3940 1175 3996 Meo.
1230 3938 1257 3993 3.
1268 3954 1376 4011 carnem
1393 3939 1453 3993 lieu.

297 4014 322 4067 l.
335 4031 415 4065 seusu
427 4014 507 4069 lien..

347 4083 408 4152 Cap.
420 4082 522 4136 XXIX.
540 4112 572 4120 —
595 4080 857 4134 l.Pucon1atomachi
873 4080 940 4134 Meu.

331 4202 392 4271 Cap.
405 4202 490 4254 XXV.
508 4233 541 4240 -
570 4218 592 4252 a.
609 4202 776 4266 Luciferiani]
801 4202 852 4252 An·
904 4200 995 4252 eodem
1012 4200 1068 4252 eius
1091 4197 1215 4278 opusculo
1235 4214 1290 4250 non
1310 4196 1455 4261 invenito

296 4272 393 4337 gustin.
408 4271 445 4321 Do
454 4271 557 4322 Haeres.
571 4288 591 4322 c.
602 4270 642 4322 81.
663 4270 852 4331 ,Luciferianos
903 4268 1037 4320 haereticis
1049 4266 1225 4319 Lueuerianos
1237 4266 1341 4335 positos
1353 4268 1405 4337 legi
1415 4280 1455 4337 per

296 4358 312 4390 a
324 4339 441 4391 Lucifero
452 4338 598 4390 Caralitano
609 4340 728 4407 episcopm
739 4343 852 4401 exortos,
902 4336 966 4389 haec
978 4338 1067 4388 verba:
1087 4334 1271 4400 ,Lanuuiana
1286 4334 1387 4404 inquit,
1402 4350 1455 4387 eun

297 4414 322 4458 ct
340 4408 473 4459 celebriter
493 4408 655 4459 nominatos.
676 4424 723 4458 nec
741 4404 851 4475 Epipha-
902 4412 1008 4457 teneant.
1023 4405 1049 4456 iu
1067 4403 1189 4456 omnibus
1200 4400 1357 4457 catholicam
1370 4404 1455 4457 ueriu-

297 4477 355 4527 nius
373 4491 420 4527 uec
433 4473 558 4526 Philoster
575 4477 641 4527 inter
653 4474 794 4526 haereticos
806 4491 852 4543 po·
902 4475 961 4537 lem,
974 4475 1001 4525 iu
1012 4473 1080 4524 huuc.
1087 4488 1199 4524 errorem
1207 4470 1454 4541 amnesimumpre

297 4545 362 4595 suit:
376 4543 451 4595 credo
464 4544 643 4595 tardorumodo
656 4543 782 4605 schisma,
798 4560 851 4595 nou
902 4543 1036 4605 labuntur,
1054 4545 1084 4593 ut
1100 4540 1215 4593 animam
1230 4538 1320 4592 hant
1331 4556 1367 4593 ex
1379 4546 1453 4591 mos

297 4610 425 4663 haeresim
449 4627 493 4663 eos
522 4612 682 4673 condidisse,
710 4612 851 4663 credentes.
902 4610 1003 4663 fusione
1021 4608 1152 4679 gennereth
1168 4606 1314 4679 eademque
1330 4608 1452 4661 dicuntel

297 4680 371 4749 Apud
384 4679 512 4750 quendam
525 4686 619 4744 tamen,
632 4680 705 4731 cuius
718 4696 812 4733 nomen
824 4680 851 4732 iu
903 4678 934 4731 ‹le
946 4694 1023 4731 carne
1035 4683 1061 4731 et
1077 4676 1109 4729 de
1120 4676 1206 4731 eamn
1216 4690 1276 4731 eece
1286 4672 1452 4731 sumum*
