3046 5124
256 354 318 420 253
723 352 952 398 mnursrnurr

257 511 376 576 cientes
391 512 420 575 ei
435 510 568 575 erimina
581 530 645 576 non
659 509 800 594 probata,
823 517 855 575 et
868 513 1003 576 maxime
1019 510 1101 596 quod
1116 510 1357 579 atraditoribus
1372 511 1419 578 di·

255 617 400 680 vinarum
414 613 639 698 scripturarum
652 613 746 677 fuerit
761 613 931 679 ordinatus.
967 615 1011 680 At
1029 613 1084 680 ubi
1104 613 1179 680 hinc
1200 617 1333 681 mentiri
1347 636 1420 682 con·

255 720 332 782 vieti
347 722 430 800 sunt,
445 717 582 781 schisma
595 719 629 781 in
645 716 800 782 haeresim
814 722 1045 782 converterunt
1082 717 1179 796 Quasi
1192 720 1292 783 etiam
1307 718 1336 784 si
1349 738 1422 784 vera

256 821 390 885 fuissent
405 823 536 885 crimina
550 823 584 884 in
596 820 781 898 Caeciliano,
803 825 920 884 statum
935 841 1026 884 sunm
1042 820 1080 886 de
1095 827 1160 886 toto
1176 820 1251 888 orbe
1266 828 1421 887 terrarum

256 924 388 989 ecelesia
395 927 538 988 amittere
546 925 700 1008 potuisset
707 928 833 1008 propter
844 926 937 988 unius
945 922 1081 989 hominis
1089 924 1225 1010 eulpam,
1239 944 1420 1006 senseram,

256 1048 311 1092 seu
320 1026 508 1111 quodmagis
522 1028 667 1111 apparuit
679 1024 846 1108 iudicibus,
859 1025 981 1108 falsam,
994 1032 1026 1091 et
1038 1029 1167 1113 inparte
1175 1027 1420 1094 Africanasolns

254 1128 394 1194 Donatus
402 1130 539 1217 potuerit
549 1134 665 1193 statum
673 1127 823 1193 ecclesiae
832 1150 1025 1211 conservare,
1034 1129 1072 1194 de
1081 1135 1146 1196 tote
1154 1136 1260 1198 autem
1270 1131 1346 1197 orbe
1357 1136 1419 1195 ter·

254 1256 358 1298 rarum
374 1236 415 1297 sit
430 1232 550 1297 deletus
565 1237 744 1297 sanctorum
758 1231 968 1317 apostolorum
982 1232 1070 1297 labor
1081 1238 1112 1296 et
1122 1236 1228 1319 passio
1239 1240 1418 1319 martyrum.

254 1338 352 1405 Immo
368 1339 436 1422 ipse
452 1335 615 1399 salvatoris
630 1336 730 1398 nostri
746 1355 836 1400 cruor
850 1335 890 1399 ad
906 1335 1157 1402 conservandum
1171 1341 1299 1401 coetum
1313 1336 1418 1402 catho-

254 1440 332 1504 licae
344 1439 418 1503 tidei
430 1438 553 1519 defecit,
569 1458 662 1522 quem
677 1437 761 1502 solus
772 1437 913 1503 Donatus
929 1459 1000 1504 cnm
1015 1438 1181 1523 aliquantis
1197 1439 1419 1506 ¹asellionibne

254 1542 425 1626 Byzacenis
442 1541 585 1606 obtinuit.
622 1540 662 1604 Et
675 1540 745 1605 ideo
766 1543 833 1605 ansi
854 1547 929 1605 sunt
949 1540 1141 1626 rebaptizare
1164 1541 1349 1609 catholicos.
1383 1543 1419 1609 In

256 1666 315 1729 quo
331 1665 423 1730 opere
439 1650 470 1707 ot
483 1648 734 1728 praesumptores
756 1664 789 1706 se
810 1650 842 1707 et
862 1644 1057 1709 damnabiles
1072 1645 1329 1730 comprobarunt,
1349 1666 1419 1712 curn

255 1748 405 1814 ecelesiae
421 1746 591 1811 universali
612 1748 713 1810 sciant
726 1745 882 1831 placuisse
904 1767 960 1810 neo
975 1746 1008 1811 in
1023 1749 1100 1832 ipsis
1115 1748 1284 1813 haereticis
1299 1748 1417 1835 baptis·

253 1854 347 1917 matis
361 1851 477 1914 violare
493 1851 650 1913 virtutem.
687 1849 788 1913 Huius
808 1848 946 1914 haeresis
967 1852 1142 1937 principem
1161 1851 1296 1935 legimus
1314 1852 1417 1918 Dona·

254 1959 332 2035 tum,
348 1956 402 2037 qni
417 1953 455 2017 de
469 1951 618 2017 Numidia
632 1953 762 2015 veniens
782 1951 1011 2035 Carthaginem,
1030 1959 1063 2017 et
1078 1960 1186 2019 eontra
1205 1954 1418 2020 Caecilianum

255 2057 370 2121 Christi
385 2055 528 2121 dividens
544 2054 678 2140 plebem,
698 2054 871 2137 adiungens
892 2055 952 2119 sibi
973 2054 1113 2121 eiusdem
1132 2057 1281 2123 factionis
1297 2060 1417 2145 episco-

253 2181 320 2246 peo,
340 2158 543 2224 ²Maiorinum
558 2160 683 2222 nomine
699 2157 732 2221 in
747 2178 804 2222 sua
817 2164 905 2242 parte
926 2157 1009 2243 apud
1024 2158 1245 2243 Carthaginem
1260 2160 1418 2226 ordinavit

255 2263 445 2348 episcopum.
483 2261 540 2325 Cui
560 2261 711 2325 Maiorino
725 2260 867 2326 Donatus
882 2260 962 2325 alius
981 2261 1016 2325 in
1036 2261 1146 2327 eadem
1167 2262 1324 2329 divisione
1347 2284 1416 2329 sue·

255 2368 360 2448 cessit,
381 2367 434 2449 qui
455 2364 632 2447 eloquentia
646 2384 702 2427 sua
717 2366 762 2428 sic
783 2363 979 2429 confirmauit
991 2363 1073 2428 hanc
1088 2363 1256 2449 haeresim,
1278 2371 1316 2431 ut
1328 2365 1417 2432 multi

254 2471 435 2533 existiment
447 2468 484 2531 de
497 2469 564 2551 ipso
576 2468 679 2552 potius
691 2466 871 2531 Donatistas
882 2467 1008 2531 initium
1018 2466 1183 2533 haereseos
1194 2468 1416 2556 adsumpsisse.

253 2572 369 2636 Extant
382 2570 475 2635 hodie
491 2570 609 2655 scripta
624 2571 706 2650 eius,
726 2568 780 2633 ubi
794 2569 961 2654 ⁸probatur
980 2570 1014 2634 in
1033 2571 1173 2635 trinitate
1193 2576 1307 2638 eontra
1325 2573 1416 2639 fidem

256 2673 440 2739 catholicam
456 2674 642 2756 suscepisse.
679 2671 719 2735 Et
734 2674 875 2755 quamvis
890 2674 982 2737 unius
1002 2672 1196 2739 substantiae
1212 2674 1300 2739 dieat
1312 2675 1347 2741 in
1361 2677 1415 2740 tri·

254 2780 352 2842 nitate
369 2776 462 2841 deum
477 2780 612 2861 patrem,
631 2781 737 2838 tamen
757 2774 907 2840 maiorem
921 2775 1001 2858 filio,
1022 2775 1121 2841 filium
1134 2777 1290 2843 maiorem
1305 2778 1415 2865 spiritu

255 2888 362 2946 sancto
383 2881 565 2946 confirmare
585 2879 727 2943 tentavit.
765 2877 827 2942 Sed
846 2878 880 2943 in
900 2877 982 2943 hune
1003 2898 1139 2944 errorem
1157 2879 1229 2945 ideo
1251 2880 1359 2947 nullus
1380 2880 1416 2946 de

255 2984 368 3070 populo
384 2985 450 3047 eius
466 2981 618 3061 adtendit,
641 2983 714 3064 quia
728 2979 789 3043 alia
803 2985 870 3044 orat
887 2983 1021 3046 intentio
1036 2984 1119 3046 inter
1132 2988 1249 3067 partes.
1287 2984 1331 3050 Hi
1343 2984 1416 3050 hee·

254 3089 343 3150 retici
358 3088 389 3149 in
405 3085 546 3170 partibus
561 3083 668 3148 ltaliae
680 3082 876 3148 ⁴Montcnses
888 3084 1095 3170 appellantur,
1108 3087 1142 3149 in
1153 3088 1304 3151 interiore
1314 3088 1417 3153 Africa

253 3185 464 3268 Parmenioni,
479 3190 512 3250 in
528 3186 776 3269 Carthaginiensi
790 3185 982 3252 Donatistae.
1018 3188 1056 3252 In
1074 3189 1237 3272 utriusque
1250 3188 1416 3255 Numidiae

252 3291 394 3377 partibus
410 3290 528 3353 habent
547 3290 644 3353 veluti
659 3289 843 3371 monachos,
864 3310 941 3373 qnos
963 3289 1237 3356 Circumcelliones
1256 3312 1418 3375 vocamus,

252 3401 390 3478 agrestes
406 3399 438 3456 et
449 3391 673 3456 audacissimos
687 3391 874 3458 daemonum
884 3392 1028 3475 famulos,
1042 3393 1096 3478 qui
1107 3413 1170 3458 non
1181 3394 1285 3461 solnm
1296 3398 1331 3461 in
1341 3396 1417 3462 ahos

252 3501 365 3563 acriter
379 3496 533 3577 saeviunt,
548 3515 656 3559 verum
673 3496 766 3559 etiam
778 3495 928 3580 sibiipsis
939 3495 1047 3560 miseri
1059 3499 1185 3562 omnino
1196 3517 1261 3563 nen
1272 3504 1416 3585 parcunt

251 3602 331 3666 Nam
365 3621 420 3686 per
451 3603 568 3663 mortes
597 3600 714 3679 varias,
744 3600 942 3682 maximeque
975 3600 1230 3684 praecipitiorum
1258 3606 1294 3664 et
1321 3622 1417 3689 equa·

251 3726 320 3769 rum
343 3711 374 3768 et
392 3702 523 3786 ignium,
545 3721 613 3765 sese
628 3701 803 3765 interlicere
819 3707 1019 3784 consuerunt,
1039 3701 1125 3766 etad
1144 3701 1228 3769 hune
1243 3703 1367 3771 exitum
1381 3724 1418 3773 ex

250 3815 381 3892 utroque
402 3828 480 3871 sexu
506 3810 639 3889 quantos
657 3806 817 3888 potuerint
831 3802 994 3868 seducunt.
1030 3804 1207 3889 Aliquando
1221 3807 1321 3873 etiam
1341 3828 1418 3894 quos

250 3910 430 3975 invenerint
455 3914 577 3991 rogant,
608 3913 643 3971 ut
668 3906 707 3970 ab
734 3909 779 3971 eis
806 3906 1003 3989 occidantur,
1033 3914 1166 3973 mortem
1191 3910 1255 3975 nisi
1284 3911 1419 3977 iecerint

252 4014 490 4079 comminantes.
529 4010 616 4090 Quod
640 4031 749 4074 vorum
774 4017 836 4093 est,
860 4010 967 4075 multis
987 4011 1223 4076 Donatistarum
1248 4012 1419 4100 displicent

251 4116 340 4197 talos,
356 4117 412 4180 sed
427 4116 485 4180 hoe
502 4114 607 4195 verbo,
627 4134 690 4178 non
706 4134 809 4199 opere.
846 4113 926 4178 Nam
941 4113 968 4178 si
981 4134 1055 4178 rore
1071 4113 1288 4199 displicerent,
1308 4121 1417 4204 ntique

250 4219 367 4284 talibus
389 4239 452 4283 non
474 4219 755 4299 communicarent,
776 4218 828 4302 qui
847 4238 904 4302 per
923 4222 1020 4281 totum
1043 4217 1150 4283 orbem
1165 4218 1310 4285 eeclesiis
1323 4222 1418 4287 unius

250 4321 420 4387 Caeciliani
437 4324 554 4385 crimen
568 4323 756 4405 impingunt.
792 4318 872 4384 Nam
888 4329 920 4383 et
932 4320 1017 4385 inter
1031 4341 1065 4384 se
1079 4320 1260 4406 frequenter
1278 4322 1416 4391 habuere

301 4439 337 4493 Ca
358 4438 471 4492 am.
484 4469 517 4480 —-
552 4439 573 4491 l.
589 4439 664 4500 Quod
674 4439 699 4490 B
716 4441 806 4490 zacem'
821 4447 930 4492 ararent
944 4443 1025 4491 auno.
1074 4442 1134 4492 estis
1144 4440 1247 4493 Plinius
1261 4442 1307 4496 tet.
1320 4440 1350 4493 X
1355 4442 1416 4505 VH,

339 4457 356 4510 u
643 4509 647 4519 ,
683 4457 715 4519 ‚s
976 4512 980 4522 ,
1053 4438 1078 4491 Τ

251 4528 308 4579 cap.
321 4509 346 4561 5.
365 4507 506 4577 (Gallaud.)
558 4507 753 4588 2.Ma1ur1num
765 4505 900 4577 liddam.
913 4508 1041 4577 leacusra
1054 4524 1154 4579 quoque.
1205 4506 1416 4581 &probatissim-

250 4579 402 4647 tegritatem
414 4579 456 4640 (id
467 4586 504 4629 est
525 4585 624 4629 ortasse
636 4576 916 4658 defen81onem,inpuit
928 4576 1095 4642 Gallaudiue)
1107 4577 1163 4632 eiua
1174 4582 1268 4633 com
1277 4578 1336 4635 ΜΒ.
1347 4579 1414 4649 Δις.

249 4646 273 4700 4.
287 4648 420 4702 Monteses
432 4647 489 4698 edd.
527 4649 577 4698 'raa
592 4645 671 4708 Gau,
683 4646 893 4699 concatenatus
901 4653 959 4698 cett.
971 4645 1054 4700 lttn's.
1073 4645 1114 4715 Os.
1124 4664 1206 4719 supra
1216 4662 1277 4719 cop.
1288 4647 1332 4705 44.
