3046 5124
263 362 325 426 208
764 359 916 400 annuerim

264 514 336 580 dem
351 515 451 598 gentis
467 515 628 594 adversae,
643 520 675 577 et
689 535 745 599 per
760 514 841 578 hanc
857 514 1039 580 illecebram
1053 521 1209 580 commota
1224 535 1336 579 eornm
1351 535 1421 580 con·

264 620 456 704 cupiscentia
477 618 575 699 fugiat
595 616 633 679 de
653 616 715 680 illis
737 617 844 681 lumen
872 618 955 700 quod
975 616 1126 681 membris
1147 619 1213 681 suis
1234 618 1423 702 permixtum

263 723 423 801 tenebant,
440 725 471 783 et
486 719 682 804 purgandum
698 721 886 805 suscipiatur
901 721 939 785 ab
956 720 1074 802 angelis
1090 719 1180 800 lucis,
1196 727 1423 804 purgatumque

263 823 324 886 illis
340 824 472 887 navibus
489 823 667 905 imponatur
681 822 721 885 ad
737 842 833 905 regna
847 823 972 907 propria
986 822 1218 906 reportandum.
1252 823 1322 900 Qua
1336 844 1422 888 occa·

264 925 362 1007 sione,
373 926 424 989 vel
436 926 539 1010 potius
552 925 996 1010 exsecrabilissuperstitionis
1010 926 1146 1007 quadam
1157 928 1360 1006 necessitate,
1373 948 1422 991 co·

262 1035 375 1110 guntur
399 1028 490 1092 electi
514 1048 618 1091 eorum
640 1027 727 1091 velut
748 1027 968 1091 eucharistiam
990 1048 1193 1112 conspersam
1216 1049 1290 1092 cnm
1305 1031 1422 1092 semine

262 1132 397 1195 humano
415 1151 547 1211 sumere,
563 1137 598 1193 ut
613 1133 707 1193 etiarn
722 1130 812 1212 inde,
828 1133 910 1194 sicut
925 1130 964 1194 de
980 1129 1049 1194 aliis
1066 1130 1144 1194 cibis
1160 1151 1239 1213 quos
1255 1134 1423 1216 accipiunt,

262 1235 439 1298 substantia
453 1233 508 1297 illa
524 1232 630 1296 divina
645 1239 802 1317 purgetur.
834 1232 896 1296 Sed
912 1233 970 1297 hoc
987 1254 1021 1296 se
1037 1234 1139 1296 facere
1155 1239 1284 1315 negant,
1301 1241 1334 1297 et
1348 1233 1421 1297 alios

261 1338 367 1401 nescio
389 1357 466 1419 quos
488 1336 545 1399 sub
567 1336 692 1399 nomine
708 1335 962 1399 Manichaeorum
977 1337 1079 1399 iacere
1096 1336 1264 1399 affirmant.
1301 1336 1421 1400 Detecti

263 1446 335 1503 sunt
350 1445 456 1501 tamen
471 1439 504 1501 iu
522 1438 669 1519 ecclesia,
690 1439 772 1502 aient
791 1438 852 1501 seis
874 1438 974 1522 ⁴apud
995 1437 1232 1520 Carthaginem,
1253 1440 1320 1502 iem
1334 1445 1366 1502 te
1382 1439 1422 1503 ibi

263 1542 393 1606 diacono
411 1544 595 1620 constituto,
611 1541 734 1622 quando
750 1541 888 1603 instante
904 1539 983 1604 Urso
999 1541 1140 1621 tribuno,
1157 1543 1209 1623 qui
1225 1547 1303 1605 tnnc
1320 1541 1422 1606 domui

261 1647 363 1726 regiae
380 1644 528 1726 praefuit,
542 1643 640 1727 aliqui
657 1643 782 1707 adducti
798 1649 880 1706 sunt.
918 1642 980 1706 Ubi
996 1643 1100 1726 puella
1115 1643 1241 1708 nomine
1258 1644 1423 1725 Margarita

260 1749 354 1810 istam
369 1747 520 1809 nefariam
544 1746 770 1830 turpitudinem
791 1745 943 1830 prodidit,
967 1765 1045 1828 qnae
1068 1766 1139 1809 cum
1163 1753 1248 1810 esset
1269 1767 1421 1811 annorum

261 1850 400 1914 nondum
422 1849 600 1929 duodecim,
621 1854 748 1932 propter
768 1848 826 1912 hoc
848 1847 1017 1912 scelestum
1037 1851 1222 1931 mysterium
1243 1870 1276 1912 se
1299 1849 1421 1914 dicebat

262 1974 329 2016 esse
346 1953 512 2015 ⁵vitietam.
552 1951 640 2013 Tunc
655 1951 824 2014 Eusebium
840 1950 996 2033 quandam
1011 1951 1227 2015 Manichaeam
1243 1955 1335 2034 qnasi
1349 1972 1420 2015 san·

261 2054 481 2135 etimonialem,
496 2054 631 2138 idipsum
644 2060 771 2137 propter
781 2053 840 2117 hoc
851 2055 954 2138 ipsum
966 2074 1102 2137 passam,
1117 2057 1170 2116 vix
1182 2055 1337 2139 compulit
1348 2075 1416 2119 con·

260 2163 351 2240 litori,
368 2179 439 2222 cnm
455 2159 554 2241 primo
570 2156 625 2219 illa
640 2177 673 2219 se
689 2157 876 2219 asseruisset
891 2158 1060 2238 integram,
1080 2163 1174 2239 atquc
1195 2157 1235 2220 ab
1252 2158 1420 2222 obstetrice

261 2263 373 2347 inspici
388 2260 593 2345 postulasset:
611 2279 689 2341 quac
704 2261 847 2342 inspecta
863 2264 894 2320 et
909 2258 984 2341 quid
997 2267 1081 2322 esset
1091 2262 1220 2322 mventa
1231 2265 1335 2324 toturn
1346 2259 1421 2324 illud

259 2366 474 2450 turpissimum
495 2362 612 2442 scelus,
631 2362 686 2425 ubi
707 2362 747 2424 ad
769 2361 987 2445 excipiendum
1008 2368 1039 2424 et
1060 2362 1330 2427 commiscendum
1349 2384 1420 2428 con·

261 2469 473 2533 curnbontium
490 2454 596 2528 semen
614 2464 715 2527 lerina
730 2464 954 2546 substernitur,
976 2464 1057 2548 quod
1073 2465 1242 2547 Margarita
1263 2466 1420 2530 indicante

260 2572 374 2635 absens
389 2590 451 2633 non
468 2569 618 2648 audierat,
634 2566 778 2630 similiter
792 2568 952 2631 indicavit.
988 2567 1027 2630 Et
1042 2570 1165 2632 recenti
1184 2575 1328 2653 tempore
1345 2590 1419 2634 non·

260 2674 338 2738 nulli
354 2693 460 2736 eorum
475 2673 590 2755 reperti
613 2675 644 2732 et
664 2669 703 2732 ad
719 2669 882 2734 ecclesiam
901 2670 1000 2751 ducti,
1021 2672 1103 2734 sicut
1122 2677 1210 2753 gesta
1230 2671 1420 2757 episcopalia

262 2798 339 2860 qnae
355 2775 445 2839 nobis
461 2776 576 2837 misisti
592 2773 776 2853 ostendunt,
791 2773 849 2837 hoc
865 2794 927 2837 non
943 2779 1186 2855 sacramentnm,
1202 2773 1259 2837 sed
1275 2795 1417 2839 exsecra·

260 2886 417 2959 mentum,
433 2879 491 2941 sub
508 2876 649 2958 diligenti
664 2875 908 2958 interrogatione
925 2877 1061 2940 confessi
1077 2882 1164 2940 suntr
1181 2896 1317 2959 quorum
1331 2896 1418 2955 unus,

260 2985 386 3046 nomine
401 2982 523 3061 Viator,
539 3000 592 3044 eos
608 2981 660 3061 qni
676 2982 737 3042 ista
752 2980 872 3042 iaciunt
886 2981 1010 3064 proprie
1026 2977 1235 3043 ⁶Catharistas
1251 2983 1359 3045 vocari
1372 2979 1416 3045 di·

260 3106 349 3165 cenS,
371 3105 441 3147 cum
461 3083 538 3145 alias
554 3082 693 3146 eiusdem
714 3083 915 3147 Manichaeae
936 3088 1040 3146 sectae
1060 3088 1164 3167 partes
1186 3085 1220 3146 in
1239 3081 1417 3148 'Mattarios

260 3194 291 3250 et
312 3187 489 3270 specialiter
509 3185 705 3250 Manichaeos
728 3185 872 3249 distribui
893 3185 1086 3269 perhiberet,
1106 3191 1345 3263 omnestamen
1366 3187 1417 3250 hae

258 3297 322 3354 tres
338 3292 452 3354 formas
469 3291 507 3352 ab
523 3310 585 3352 uno
602 3295 726 3353 anctore
743 3295 938 3373 propagatas,
954 3294 986 3351 et
1001 3309 1108 3353 omnes
1120 3288 1310 3371 generaliter
1321 3290 1415 3354 Mani·

260 3395 372 3458 chaeos
385 3413 454 3455 esse
467 3413 579 3474 negare
592 3413 655 3456 non
666 3392 777 3476 potnit.
802 3392 892 3456 Certe
906 3391 952 3454 illi
964 3391 1036 3456 libri
1044 3391 1220 3456 Manichaei
1233 3399 1310 3455 sunt
1321 3394 1415 3457 omni·

258 3498 316 3562 bns
333 3499 400 3560 sine
417 3496 611 3559 dubitatione
628 3515 824 3576 communes,
844 3495 878 3558 in
899 3496 1013 3579 quibus
1032 3494 1122 3559 libris
1142 3492 1196 3557 illa
1215 3501 1364 3579 portenta
1381 3493 1417 3558 ad

258 3600 433 3665 illiciendos
457 3606 488 3662 et
512 3620 567 3683 pcr
592 3598 879 3682 concupiscentiam
902 3596 1118 3663 dissolvendos
1138 3599 1304 3681 utriusque
1327 3618 1416 3663 aexns

256 3706 414 3788 principes
430 3702 640 3782 tenebrarum,
656 3707 691 3764 ut
707 3701 839 3764 liberata
854 3702 951 3783 fugiat
965 3700 1004 3764 ab
1022 3703 1066 3763 eis
1088 3720 1167 3784 quae
1190 3702 1353 3785 captivate
1371 3708 1415 3765 te·

257 3807 388 3870 nebatur
403 3807 436 3868 in
452 3807 496 3868 eis
514 3804 619 3868 divina
633 3805 820 3885 substantia,
836 3804 873 3869 de
889 3804 1098 3868 masculorum
1117 3805 1150 3867 in
1165 3804 1302 3869 seminas
1322 3811 1355 3868 et
1373 3804 1416 3869 le-

256 3911 412 3973 minarum
427 3911 459 3971 in
475 3907 631 3972 masculos
647 3908 918 3990 transfiguratione
940 3910 1117 3992 conscripta
1136 3914 1226 3988 sunt,
1246 3907 1331 3972 unde
1351 3910 1418 3987 ista,

256 4011 367 4094 ⁸quam
383 4011 516 4094 quilibet
530 4031 637 4076 eorum
653 4016 769 4093 negant
790 4010 831 4074 ad
853 4013 1076 4094 sepertinere,
1096 4011 1258 4096 turpitudo
1281 4010 1416 4075 dellnxit

323 4164 346 4217 4.
365 4165 434 4233 apud
450 4162 645 4232 Carthaginem]
671 4163 709 4232 Cf.
727 4163 870 4214 Poseidinm
889 4163 917 4216 V.
930 4164 972 4212 An
992 4167 1138 4232 uatirucap.
1152 4163 1194 4215 16.
1247 4161 1331 4216 aare
1347 4160 1417 4214 MSS.

257 4231 331 4283 Editr'
354 4242 435 4283 cirtem
457 4233 550 4284 habent
572 4233 702 4284 violatam.
738 4230 857 4299 (bened.)
921 4232 944 4285 6.
992 4241 1031 4283 eat
1051 4230 1211 4285 Gatharistaa
1238 4232 1303 4283 edire·
1325 4233 1418 4284 addant

256 4300 280 4350 id
294 4306 334 4351 cst
344 4300 511 4385 mandatores
529 4301 569 4352 vel
581 4305 743 4382 purgatores.
756 4298 887 4420 §Benedl
939 4299 963 4352 7.
980 4300 1056 4352 Ecia·
1065 4300 1208 4383 Macarioa5
1225 4302 1294 4383 prod
1308 4308 1416 4352 urucam

255 4378 354 4419 securus
372 4379 408 4418 est
422 4369 569 4420 §arnmodus
585 4388 610 4419 an
628 4387 672 4420 ono
685 4369 754 4420 Prae
773 4377 891 4429 reboate,
908 4387 980 4437 quom
999 4388 1057 4420 uum
1074 4370 1202 4436 Aaqecuee
1217 4370 1328 4420 eododem
1341 4368 1416 4419 Prae·

256 4439 378 4488 destinati
390 4440 518 4504 erernplcr
527 4441 648 4505 praefert
658 4437 802 4490 Mattarlcs.
820 4435 864 4486 Sic
877 4454 934 4487 rere
947 4388 1041 4488 hadent
1051 4437 1093 4488 lu·
1106 4441 1182 4489 etiam
1194 4437 1336 4505 Augroetr'ui
1347 4434 1414 4488 Mffl

198 4562 202 4571 Ι
256 4524 345 4556 ornares.
375 4505 472 4572 Nempe
484 4509 543 4573 quia
555 4509 581 4556 οη
595 4511 681 4556 motha
692 4508 825 4568 dormiunt,
836 4504 959 4555 Mauorti
968 4505 1239 4574 appellantur,cab'b.
1254 4504 1318 4559 Kc.
1329 4504 1413 4556 Ferret.

256 4575 351 4652 cuph.
387 4571 506 4640 {Benedl
553 4573 576 4624 8,
587 4573 632 4623 Su·
651 4574 775 4626 Vaticani
785 4576 833 4626 duo
842 4572 914 4624 MSS.
950 4573 1319 4639 Atedittnndeistaeornm,
1330 4588 1414 4644 qum·

255 4641 318 4693 hbet
329 4646 428 4710 negant
440 4650 496 4693 cerr.
515 4640 637 4709 (benedt
1141 4658 1149 4675 ·
