3046 5124
1175 362 1235 428 361

75 531 134 587 ap.
145 514 214 571 VIII.
233 514 435 585 chysostomus
448 516 480 569 de
491 521 573 569 iacom
592 517 742 570 reheneihili
752 518 795 569 dei
806 525 900 569 namra
911 522 974 571 tom.
982 516 1014 569 V.
1025 515 1070 568 tol.
1079 514 1138 569 988.
1156 515 1238 568 Theo·

74 584 333 638 dentusdivlnorum
343 586 435 638 decret.
443 587 554 656 epitome
575 588 607 640 ol.
614 585 671 638 393.
690 586 852 655 Augustinus
863 585 893 636 de
902 584 953 636 fide
963 589 987 636 et
996 584 1116 652 symbolo
1124 590 1187 638 tom.
1193 583 1237 637 111.

73 652 121 707 iol.
135 651 192 705 166.
210 652 242 705 tle
258 653 385 722 Tempore
401 670 514 707 sermon.
526 654 675 707 XXXVIII.
704 651 913 722 Theophylactus
931 653 958 704 in
974 650 1136 706 Matthaeum
1148 668 1205 722 cap.
1216 653 1236 705 1.

74 720 206 773 Damasus
217 720 266 774 I'P.
279 737 293 773 e
312 722 390 774 istola
401 723 434 774 ed
445 722 584 775 Paulinum
595 720 747 774 Antiochen.
760 728 822 775 tom.
833 721 853 774 I.
871 720 962 773 concil.
979 720 1024 774 iol.
1036 718 1094 773 381.
1123 721 1236 774 Hilarius

74 788 108 843 de
119 788 149 844 S.
161 789 288 842 Trinitete
294 739 343 842 Ill).
355 789 399 844 III.
412 796 438 843 et
449 790 493 843 IV.
512 789 653 858 Gregorius
663 789 785 842 Baeticus
796 790 827 841 de
839 789 898 842 fide.
916 788 1068 910 Fulgentius
1079 789 1107 841 in
1119 805 1160 842 res
1195 807 1235 843 ns.

74 863 169 911 conus
179 858 304 911 Anisnos
316 858 360 913 tol
373 858 414 910 30.
426 858 460 911 ad
471 857 673 911 TrasImnndum
684 857 784 928 Regem
795 859 840 911 lib.
853 857 896 911 111.
908 858 954 910 tol.

74 942 122 981 rus
132 925 165 979 de
177 942 289 979 sermon.
302 927 451 997 proprietat.
464 927 508 979 lib.
521 927 562 980 IV.
575 943 632 996 cap.
646 927 681 982 X.

126 1018 186 1075 Non
197 1020 313 1074 contusis
325 1022 435 1087 naturis]
451 1021 604 1091 Fulgentius
617 1021 649 1073 sd
661 1021 861 1074 Trasimundum
872 1020 971 1091 Regem
983 1020 1026 1072 lib.
1039 1018 1082 1072 III.
1094 1019 1139 1075 fol.
1149 1018 1191 1072 58.
1205 1021 1237 1071 In

73 1106 125 1140 uno
134 1090 264 1157 eademque
274 1089 374 1141 Christo
383 1108 445 1141 cera
455 1091 606 1153 diuinitatis,
618 1108 727 1159 armaque
736 1090 902 1142 humanitatis
912 1097 1006 1141 rianira
1015 1092 1166 1158 permansit,
1180 1090 1237 1140 dum

75 1158 138 1210 detta
150 1175 198 1209 nen
211 1160 328 1225 confluens
340 1157 441 1222 homini,
454 1160 499 1210 sed
509 1163 601 1222 unitus,
610 1162 648 1210 sic
660 1162 687 1210 in
696 1177 748 1210 una
778 1176 869 1210 ersona
881 1161 1009 1226 utriusque
1018 1166 1237 1226 rramrueperma·

75 1228 159 1277 nenne
169 1227 269 1277 indicia
283 1227 475 1290 demonstrauit,
488 1237 515 1278 ut
526 1245 600 1279 uerus
610 1229 683 1290 deus,
700 1236 725 1279 et
730 1177 822 1296 pie’nus
833 1229 901 1277 reris
913 1228 1052 1295 diuinisque
1064 1226 1199 1277 virtutihus
1210 1229 1237 1276 in

75 1292 175 1347 homine
187 1295 299 1345 clareret
309 1304 449 1364 assumpto,
462 1305 486 1346 et
496 1298 595 1347 ueritas
604 1296 761 1364 irgirmitatis
772 1294 898 1346 humanae
907 1311 991 1345 uenum
999 1295 1148 1362 plenumque
1160 1293 1236 1345 homi·

74 1378 131 1415 vm
142 1371 295 1414 monstraret
305 1366 331 1413 in
344 1365 397 1417 deo.
409 1393 442 1402 -
455 1363 522 1414 Dum
535 1367 615 1414 nostri
624 1365 707 1415 redem
728 1367 802 1414 tionis
817 1366 990 1414 commercium
1004 1371 1148 1428 gereretur,
1160 1364 1236 1431 pleno

74 1448 182 1500 ueroque
194 1429 296 1493 hornini,
305 1432 407 1500 plenum
418 1450 549 1499 aerumque
562 1433 633 1484 deum
646 1382 753 1483 densim
762 1434 838 1499 uniri,
851 1434 889 1482 sic
902 1439 984 1482 tamen
996 1434 1061 1481 utin
1072 1433 1168 1482 unitate
1176 1448 1236 1499 per-

74 1516 166 1562 mnae,
183 1516 228 1550 nec
240 1502 266 1549 in
279 1499 376 1550 homine
394 1501 467 1562 deus,
485 1518 529 1550 nec
542 1500 612 1551 homo
642 1503 743 1551 oscetin
756 1501 800 1551 deo
813 1500 940 1567 confundi.
958 1497 1086 1551 Iohannes
1098 1497 1236 1552 Damasce-

74 1582 126 1619 nus
137 1566 165 1620 in
177 1567 293 1619 oratione
306 1573 396 1620 contra
409 1567 553 1636 Acephalos
565 1567 609 1619 iol.
620 1518 680 1620 hia.
698 1567 799 1637 Γέγονεν
812 1565 837 1617 ἐκ
850 1566 941 1626 τελείας
954 1567 994 1617 θεό
1026 1583 1080 1634 τος,
1093 1565 1133 1618 καλ
1145 1565 1235 1626 τελείας

75 1632 278 1703 &ulpianis-gree,
296 1627 328 1695 εἷς
339 1635 450 1703 Χριστος,
464 1629 495 1695 εἴς
507 1635 571 1703 ulae,
589 1633 602 1686 ὑ
616 1634 688 1695 αὐτὸς
701 1635 756 1686 θεοῦ
769 1652 793 1686 τε
810 1635 850 1685 nal
863 1583 1040 1704 ἆνὺρώπσντελς
1056 1634 1150 1703 κύριος,
1163 1631 1176 1685 ὁ
1194 1633 1236 1684 αὑ·

74 1701 351 1763 vintimiliensis
374 1700 501 1763 ἄνὺσωπσς
518 1703 616 1763 τελειος.
646 1701 727 1763 Ὅλος
744 1702 796 1763 θεὸς
815 1702 854 1753 καλ
872 1701 930 1763 ὑλος
948 1699 1075 1772 ἄνθρωπος
1091 1700 1136 1753 elau
1154 1702 1236 1773 χύτονς

80 1768 215 1823 belsinia
227 1773 276 1821 τῶν
289 1771 393 1840 ρύσεων,
407 1752 524 1836 ἀλλήλαις
537 1772 576 1822 καλ
589 1769 722 1841 ἀτρέπτως,
735 1770 775 1822 nal
787 1768 934 1840 ἇδιαιρέτως.
954 1769 1114 1841 Ἀσινγχύτως
1127 1720 1179 1839 ahu,
1192 1788 1236 1839 ρυ·

74 1836 159 1891 nitra
175 1837 222 1908 γὰρ
241 1835 330 1904 ἑκάστη
367 1841 417 1900 ύσις
434 1844 475 1906 τῆς
492 1839 577 1906 ἑαυτῆς
595 1838 727 1908 διαφορὰν,
745 1839 774 1890 τ“ο
792 1836 904 1891 ἄκτιστον
922 1838 937 1904 ἡ
955 1839 1051 1924 iserge,
1070 1838 1098 1888 re
1112 1836 1235 1904 κτιστὺνῆ

75 1903 191 1976 ἆνὺρωπό
224 1925 243 1974 ς,
261 1907 289 1958 το
303 1857 405 1971 druia,
423 1906 548 2026 Ἇὺεότης,
567 1907 595 1958 τὶν
608 1907 717 1973 παθητὸν
734 1905 749 1974 ἡ
767 1907 810 1959 elul
827 1908 939 1972 ωπότης,
951 1907 991 1958 καλ
1004 1925 1034 1957 τα
1046 1911 1154 1959 τοιαῦτα.
1168 1902 1235 1993 ἀτρέ-

75 1992 144 2035 πτως
156 1925 245 2043 difien
257 1975 387 2044 μεμένηκεν
400 1975 425 2027 ἐκ
444 1994 488 2042 arn
506 1977 575 2046 ρύσις
587 1972 767 2035 ἀναλλσιόιτονς.
790 1995 818 2026 συ
832 1979 950 2044 τραπεὺσα
962 1973 993 2034 εἰς
1010 1973 1052 2041 τὴν
1065 1972 1160 2057 ἑτέραν,
1179 1974 1236 2027 cuii

96 2043 122 2095 la
133 2042 245 2103 σύνθετος
258 2045 432 2127 χρηματίσασα
445 2046 527 2111 σύσις,
541 2042 605 2095 ἀλλὰ
617 2044 661 2095 δύο
674 2042 828 2114 ὑπάρχουσαι
844 2043 884 2094 καλ
897 2043 1082 2104 διαιωνὺζουσαι.
1096 2043 1235 2113 αδιαιρέτως

76 2062 112 2176 ὑλ,
129 2108 168 2162 hri
182 2110 288 2177 ἥνωνται
305 2111 423 2177 αλλήλαις
442 2113 495 2164 καθ’
513 2112 645 2164 ὑπόστασιν
677 2112 734 2182 μίαν
750 2103 850 2182 ἔχουσαι
868 2111 1014 2179 ὑπόστασιν,
1030 2110 1072 2178 τὴν
1090 2111 1235 2181 προαιώνιον

75 2178 134 2250 μὲν,
146 2177 278 2249 ἀσώματον
292 2180 330 2231 nal
348 2179 442 2248 ἁπλῆν,
461 2179 499 2232 ἐπ’
518 2179 630 2251 ἐσχάτοιν
648 2154 674 2232 ὑὲ
692 2183 740 2231 τῶν
758 2181 856 2251 χρόνων
869 2177 895 2230 ἐκ
908 2183 949 2246 τῆς
962 2178 1045 2250 ἁγίας,
1063 2177 1098 2231 ist
1116 2179 1235 2249 παρθένου

75 2248 270 2319 σωματωὺέῑσαν
280 2246 462 2317 ἀμεταβλήτως.
484 2250 648 2367 Expersecta
658 2252 752 2302 deitate
764 2258 788 2300 et
794 2253 913 2318 perfectu
927 2248 1084 2300 humanitate
1094 2253 1185 2317 sactus
1201 2258 1237 2299 est

74 2335 139 2369 unus
152 2317 273 2380 Christus,
285 2332 348 2368 unus
354 2320 426 2386 filius
439 2320 481 2369 dci
492 2328 516 2369 et
534 2322 645 2381 scriniinis,
663 2320 728 2369 idem
741 2321 795 2388 ipse
808 2319 868 2369 deus
875 2321 1017 2386 perfectus,
1037 2317 1141 2368 ethome
1150 2322 1235 2386 perfe-

75 2394 140 2450 ctus,
151 2394 215 2437 tetrus
224 2387 291 2449 deus,
304 2395 369 2437 totus
378 2386 456 2448 homo,
468 2390 569 2438 renueris
580 2391 646 2438 inter
654 2405 681 2438 ee
689 2391 767 2437 unitis
778 2390 789 2436 i
794 2405 870 2436 neon
871 2390 958 2454 fuse,
971 2390 981 2436 i
988 2389 1154 2438 riconuerti
1159 2386 1191 2436 hi
1196 2387 1207 2435 l
1211 2390 1221 2436 i
1225 2415 1235 2424 ·

75 2462 125 2506 σοι·
140 2473 178 2505 ac
195 2456 420 2523 inseparabili
426 2464 479 2509 ter.
515 2456 649 2523 Inconsuee
666 2457 763 2523 quideme
781 2457 842 2523 grcia
860 2473 970 2522 gunegue
987 2463 1083 2505 natrma
1094 2472 1164 2505 suam
1173 2473 1235 2523 pro·

70 2526 161 2593 priam
171 2523 341 2591 differentiam
351 2527 442 2574 retinet
446 2545 453 2586 ,·
468 2525 597 2585 ‹lis-initus,
609 2528 756 2586 inu-reatuin,
766 2523 921 2592 irnpussihile
931 2540 995 2583 esee;
1008 2522 1154 2574 humanitas
1163 2541 1235 2574 crea·

75 2600 134 2654 tum,
142 2592 268 2660 passibile
280 2609 343 2653 esse,
363 2601 387 2642 et
401 2611 465 2660 guae
481 2601 539 2642 sunit
550 2592 697 2645 istiusmodi.
724 2592 955 2643 Incarn·ertihiliter
966 2608 1037 2654 cero,
1055 2595 1114 2660 grcia
1127 2609 1236 2659 quaeque

74 2668 171 2713 natura
182 2660 355 2710 inalterabilis
362 2665 513 2729 permansit,
527 2679 572 2711 uon
586 2679 710 2711 corii-ersa
722 2664 749 2712 in
762 2661 878 2722 alterum,
891 2678 967 2729 neque
980 2679 1030 2710 unu
1041 2664 1178 2729 composita
1191 2679 1237 2710 na·

74 2736 135 2780 tura
147 2729 206 2779 inde
218 2729 336 2796 conflata,
349 2731 394 2779 sed
406 2731 471 2780 duae
483 2747 560 2780 uerae
569 2738 633 2791 suist,
642 2738 810 2798 perpetuoque
821 2729 953 2779 manebunt
961 2737 1078 2780 necturae.
1097 2729 1236 2796 Insepara·

74 2796 161 2849 tilica
172 2815 231 2847 cero
244 2797 348 2864 denique
360 2801 420 2865 quia
433 2797 590 2865 hypostatice
601 2798 651 2848 sihi
661 2801 768 2848 inuicem
780 2806 838 2847 sunit
849 2801 933 2848 unitae
938 2836 945 2859 ‚
964 2815 1040 2848 urtam
1056 2796 1176 2848 hahentes
1192 2795 1236 2863 tg-

68 2867 197 2937 postaein‚
210 2882 273 2933 prae
286 2869 430 2933 innituerit
441 2875 554 2927 (aeterna,
569 2869 719 2935 incorporea
732 2874 756 2916 ct
766 2867 879 2933 simplex,
892 2868 1033 2916 trucissimis
1045 2865 1195 2933 temporibus
1207 2883 1237 2914 en

71 2941 166 2986 tancia
179 2941 204 2984 et
213 2950 262 2983 sem
282 2951 310 2984 er
322 2936 421 3000 uirgine
434 2935 622 2985 immutabiliter
635 2938 773 2984 incarnata
786 2942 834 2985 eet:
848 2939 874 2984 et
886 2933 916 2984 de
928 2933 979 2985 fide
993 2932 1185 2985 orthodoxalib.
1193 2932 1235 2986 III.

72 3017 131 3073 cap.
142 3000 187 3055 111.
201 3001 245 3053 lib.
257 2951 300 3055 ὑλ.
314 3018 370 3070 cap.
381 3001 427 3053 IX.
445 3001 536 3053 Petrus
548 3002 678 3054 Diaconns
691 3002 722 3054 de
735 3003 860 3056 incarnat.
874 3001 1072 3071 dominicani.

983 857 1008 912 4.
1026 856 1150 911 Rsbeuas
1208 874 1237 912 u·

125 3094 300 3162 Timotheum]
319 3096 441 3148 Denaeus
454 3095 485 3147 ad
498 3096 674 3165 Augustarum
686 3096 717 3148 de
729 3093 828 3148 haeres.
840 3112 896 3166 cap.
907 3095 947 3150 90.
960 3113 993 3148 ex
1006 3097 1149 3166 exemplari
1158 3096 1235 3150 Gem-

72 3164 172 3219 bland:
189 3164 346 3216 Timotheani
358 3165 533 3232 dicuntjiiium
547 3167 588 3216 dei
601 3184 683 3216 rerum
695 3168 794 3234 guidem
806 3165 926 3217 hominem
939 3184 969 3217 ea
980 3169 1079 3233 uirgine
1090 3165 1180 3218 diaria
1190 3187 1235 3219 nu·

72 3241 131 3297 tum,
143 3234 190 3286 sed
200 3251 247 3284 reon
259 3237 297 3285 ita
310 3251 385 3284 siriam
398 3234 540 3284 reddidisse
549 3252 694 3301 personam,
707 3243 736 3284 ut
745 3253 793 3285 non
805 3237 832 3284 in
844 3252 919 3285 unam
930 3238 965 3284 sit
975 3237 1096 3286 redactus
1108 3245 1235 3298 naturam,

73 3303 248 3371 conflatorium
260 3303 385 3371 quoddam
403 3304 510 3353 solentes
520 3305 603 3369 fluisse
622 3306 746 3354 interiora
760 3306 880 3370 uirgim's,
894 3321 945 3371 per
961 3305 1027 3371 guod
1038 3305 1105 3355 (luae
1117 3313 1235 3365 naturae,

71 3372 103 3423 id
114 3378 152 3423 eet
169 3371 229 3422 deus
242 3380 266 3421 et
277 3370 356 3431 honio,
369 3373 395 3420 in
408 3389 483 3420 uriam
496 3371 620 3421 resolutus
632 3380 656 3421 et
667 3381 814 3440 corrrpautae
826 3389 950 3434 massam,
966 3391 1042 3423 uriam
1060 3374 1103 3424 dei
1118 3382 1141 3423 et
1156 3372 1233 3424 humi·

73 3442 114 3491 nee
125 3437 283 3490 exhibuerint
287 3442 399 3521 [ormam
406 3458 413 3500 ς
426 3442 583 3489 insalutatam
595 3441 714 3507 iridelicet
724 3448 875 3490 naturarum
883 3444 1074 3508 proprietatem,
1087 3443 1234 3508 efficientia·

72 3526 130 3561 rum
138 3510 252 3558 coitione.
271 3506 307 3557 itt
315 3507 352 3557 ad
361 3509 559 3575 coinfirmandam
571 3507 713 3559 huiusmodi
723 3511 883 3576 impietatem,
896 3528 960 3577 guae
973 3511 1043 3560 deum
1056 3513 1150 3560 asserit
1159 3529 1176 3560 α
1187 3527 1235 3561 eun

72 3593 171 3629 mrum
183 3584 278 3627 natura
292 3584 383 3642 cogunt
399 3577 570 3642 erarigelietue
587 3579 749 3627 testimonium
767 3578 886 3628 dicentis.-
903 3587 928 3628 et
943 3578 1043 3628 rerhurn
1060 3594 1121 3628 curo
1131 3581 1235 3644 facttum

72 3653 121 3708 eet,
138 3645 204 3713 guod
215 3647 252 3695 ita
266 3648 472 3712 interpretantur,
486 3647 574 3696 diuina
587 3653 682 3695 tratura
694 3648 722 3696 in
734 3644 869 3696 humanam
879 3663 1000 3696 (ομισσιον
1013 3654 1056 3696 eet.
1088 3648 1109 3694 i)
1121 3646 1234 3696 abolitio·

71 3730 128 3766 nem
144 3713 186 3763 illi
195 3713 340 3764 inmutabili
350 3716 525 3779 impingentem
537 3713 703 3765 susbstantiue.
732 3714 815 3764 Huius
833 3717 970 3781 inspiciatis
981 3717 1079 3764 initium
1095 3712 1236 3765 'limotheue

71 3782 145 3851 apud
154 3780 253 3847 Bgram
264 3780 401 3847 Bithgniue
410 3783 480 3833 niodo
490 3784 594 3834 erulam
604 3785 738 3846 ciuitatem,
752 3787 901 3834 continentie
910 3790 934 3833 et
944 3783 1080 3847 religiosae
1092 3785 1160 3833 uitae
1171 3785 1234 3833 ima·

70 3853 132 3919 gine
143 3852 228 3900 multis
245 3850 336 3902 illudit.
367 3848 450 3901 Huius
466 3851 547 3904 furori
564 3851 685 3921 opposuit
702 3868 730 3904 se
748 3852 811 3904 olim
826 3850 933 3904 Samuel
949 3848 1095 3901 Edessenae
1112 3850 1235 3902 ecclesiae

71 3917 220 3988 presbyter,
238 3917 377 3970 ostendens
394 3919 502 3970 verbnm
514 3937 618 3972 carnem
628 3921 740 3981 iactum,
758 3926 879 3972 manente
891 3918 969 3970 verbo
981 3918 1008 3970 in
1020 3933 1068 3969 sua
1080 3919 1234 3983 substantie,

71 3991 99 4039 et
108 3984 216 4039 homine
224 3987 252 4039 in
261 4002 310 4038 sua
319 3993 419 4048 natura,
432 3987 554 4041 societate
566 4006 618 4041 non
631 3989 806 4050 immixtione,
824 4003 903 4039 unam
914 3986 961 4038 filii
973 3985 1014 4038 dei
1025 3986 1166 4040 reddidisse
1177 4005 1234 4058 per·

71 4071 173 4109 ennam.
192 4053 341 4108 Gennadius
353 4054 508 4107 Massiliens.
521 4057 548 4108 in
561 4057 672 4124 catalog.
685 4057 761 4107 viror.
773 4056 864 4106 illustr.
877 4055 904 4105 in
917 4054 1046 4107 Samuele.

122 4140 193 4193 Deus
205 4140 337 4193 hominem
350 4140 503 4208 assumpsit]
521 4140 549 4193 Id
562 4147 608 4204 est,
622 4146 651 4192 ut
662 4141 823 4208 Augustinus
836 4140 872 4191 ait
884 4139 915 4191 de
927 4139 989 4193 ride
1001 4139 1035 4193 ad
1045 4139 1158 4205 Petrum,
1170 4158 1194 4195 c.
1208 4142 1232 4196 i.

72 4208 145 4263 Deus
161 4210 262 4260 cabum
279 4213 381 4277 accepit
397 4219 514 4259 naturam
532 4209 640 4260 homim‘s
656 4228 702 4259 rum
717 4226 860 4276 personam.
890 4207 957 4260 Nam
975 4210 1134 4262 cunmrIum
1151 4210 1234 4262 dlcere

72 4278 140 4347 (scil.
152 4277 220 4346 quod
231 4293 342 4347 persona
354 4293 462 4329 manens
475 4277 501 4327 ln
513 4293 561 4328 sua
572 4275 783 4346 personabilitate
794 4276 871 4329 fuerit
888 4283 1031 4347 assumpte)
1047 4284 1086 4330 est
1103 4295 1173 4330 error
1185 4279 1233 4331 Ne-

72 4346 147 4400 storii
158 4347 202 4415 qui
214 4346 302 4415 posuit
313 4347 340 4397 in
353 4344 455 4397 Christo
468 4344 532 4396 duas
544 4362 681 4413 personas,
698 4345 739 4396 vel
751 4344 801 4395 duo
814 4347 961 4414 supposita,
980 4362 1032 4414 qno
1049 4347 1095 4416 qui
1112 4346 1235 4399 adhaeret

72 4413 121 4468 iso
132 4431 200 4467 unus
213 4415 319 4483 spuitus
331 4420 382 4465 est:
419 4414 446 4472 ui
463 4430 533 4464 error
549 4413 735 4466 condemnatus
752 4417 792 4464 est
808 4413 835 4465 ln
853 4415 952 4482 synodo
965 4414 1157 4468 calcedonensi.
1176 4417 1232 4469 Vid.

71 4482 211 4537 Duranius
223 4486 334 4534 sentent.
346 4483 391 4534 lib.
402 4430 428 4535 l.
442 4481 552 4533 distinct
563 4481 592 4532 V.
606 4487 706 4551 quaest.
716 4480 735 4533 1.
754 4481 844 4533 Petrus
856 4481 1015 4534 Lombardus
1028 4485 1072 4537 lili.
1086 4483 1109 4535 3.
1122 4490 1232 4537 sentent.

72 4551 185 4604 detinet
194 4551 225 4603 V.
252 4550 429 4602 Damascenus
446 4550 478 4601 de
494 4549 546 4602 fide
558 4549 703 4603 orthodoxa
714 4550 758 4602 lib.
769 4549 812 4602 ΙΙΙ,
825 4550 910 4619 cap.l.
935 4551 981 4602 Ful
1003 4552 1087 4604 entius
1104 4553 1135 4605 ad
1148 4553 1233 4607 Trasi-

71 4620 198 4674 mnndum
206 4633 296 4688 regem
304 4619 349 4672 lib.
358 4618 401 4672 III.
418 4618 530 4672 Isidorus
539 4619 701 4688 Hispalensis
713 4625 823 4674 sentem.
832 4619 876 4674 lib.
886 4619 905 4674 I.
916 4635 973 4689 cair.
1021 4621 1053 4675 v.
1070 4621 1232 4692 Δοςοιύιιοε
