3046 5124
1223 332 1282 398 191

127 484 182 548 rias
197 486 294 549 etiam
310 481 490 569 'opiniones
505 483 711 566 adiungerent
725 486 865 568 ritusque
881 484 1089 549 subiicerent:
1105 492 1172 550 turn
1192 485 1282 552 deni·

126 606 179 671 que
194 607 274 673 opus
290 585 369 651 illud
383 588 544 670 utriusque
560 587 774 671 qualecunque
790 589 847 668 sit,
866 608 929 653 uon
948 587 1044 653 habet
1058 589 1199 654 fortassis
1214 610 1283 654 eam

125 708 214 773 quum
228 688 372 755 desidero
389 688 582 753 brevitatem.
620 689 746 753 Frustra
766 693 861 753 etiam
880 690 999 754 homini
1018 694 1071 774 qui
1089 691 1200 755 Latina
1218 713 1282 756 non

125 790 233 857 didicit
241 792 360 859 Graeca
369 791 516 856 facundia
525 791 699 874 delegatum
715 795 788 875 quia
803 813 866 857 non
881 813 936 875 ego
952 794 1165 858 tantummodo
1179 798 1282 859 consi·

123 891 208 977 tium,
223 893 280 959 sed
295 902 328 959 et
341 894 492 958 auxilium
506 895 671 979 postulavi.
696 895 776 972 Quid
787 902 892 959 autem
903 899 1135 960 venerationem
1145 903 1232 960 tuum
1244 897 1282 961 de

122 997 327 1082 interpretum
345 1018 409 1062 non
429 996 530 1063 solum
552 997 753 1079 difficultate,
775 997 831 1061 sed
851 1000 946 1062 ctiam
966 997 1155 1063 obscuritate
1175 999 1281 1063 admo-

123 1118 224 1181 neam,
239 1120 312 1164 cum
327 1101 393 1185 ipse
409 1099 467 1164 hoc
482 1102 581 1182 magis
596 1121 632 1165 ac
647 1099 739 1184 plene
755 1097 927 1164 diiudices?
957 1100 1087 1164 Accedit
1102 1101 1142 1165 ad
1158 1122 1284 1165 causam

121 1200 205 1287 quod
219 1201 389 1267 nonnullae
404 1204 499 1265 etiam
514 1209 586 1287 post
600 1202 726 1267 illorum
740 1201 860 1266 obitum
873 1202 1019 1267 haereses
1041 1207 1205 1268 emersisse
1227 1203 1282 1268 do-

123 1311 262 1388 ceantur,
277 1325 408 1389 quorum
423 1303 543 1369 nullam
557 1304 604 1368 illi
619 1304 752 1370 fecerint
766 1302 966 1369 mentionem.

184 1406 396 1486 Quamobrem
415 1407 455 1471 ad
476 1406 631 1492 peculiare
657 1408 866 1492 patrocinium
887 1409 1014 1492 pietatis
1035 1415 1106 1472 tuae
1130 1410 1284 1492 confugio,

124 1515 244 1575 etroce
258 1528 344 1591 mea,
365 1508 420 1574 sed
435 1509 604 1574 universali
625 1509 794 1591 desiderio,
814 1516 958 1594 paratum
978 1510 1018 1575 ed
1038 1511 1284 1576 misericordiam

124 1618 357 1678 acrosanctum
371 1613 497 1696 pietatis
512 1619 624 1696 pectus
639 1612 778 1698 appello,
793 1616 997 1696 sequestratis
1013 1614 1177 1699 saporibus
1192 1635 1283 1699 pere·

124 1717 232 1797 prinis,
247 1714 443 1780 considerato
457 1721 546 1779 textu
560 1716 673 1799 prioris
685 1714 845 1800 epistolae,
859 1737 973 1800 panem
984 1717 1107 1799 Afrum,
1123 1737 1215 1801 quem
1227 1738 1283 1781 no·

125 1824 188 1881 stra
201 1818 364 1902 provincia
379 1816 457 1881 solet
471 1817 586 1882 habere
601 1819 813 1902 praecipuum,
828 1817 954 1882 caelesti
970 1820 1063 1882 ctiam
1078 1840 1195 1883 manna
1210 1841 1284 1884 con·

126 1918 235 2001 (litum,
249 1940 318 1984 sero
334 1919 472 2004 pulsanti
488 1925 520 1982 et
534 1920 650 1984 lamam
660 1923 792 2005 patienti
805 1941 868 1984 non
882 1920 1025 2004 deneges.
1047 1922 1189 1986 Profecto
1202 1925 1285 1986 enim

126 2041 180 2086 nec
195 2043 253 2104 ego
269 2021 393 2106 pulsare
410 2023 549 2104 cessabo,
565 2022 663 2086 donec
679 2025 747 2107 ipse
763 2023 929 2087 concedas:
952 2030 986 2087 nt
1009 2023 1092 2107 quod
1107 2045 1170 2088 nou
1184 2027 1284 2109 impe·

127 2129 184 2188 trat
197 2123 407 2210 privilegium,
421 2124 474 2189 ubi
491 2124 611 2191 nullum
626 2132 675 2190 est
689 2127 851 2207 meritum,
870 2125 980 2189 saltem
996 2125 1153 2189 indelessa
1167 2129 1284 2210 impor-

127 2229 241 2293 tunitas
256 2234 421 2292 mereatur.

173 2412 197 2467 2.
209 2412 286 2468 MSS.
300 2415 348 2466 duo
360 2413 551 2484 responsiones.
586 2414 707 2486 {Beuedl
