<?xml version="1.0" encoding="UTF-8"?>
<!DOCTYPE html PUBLIC "-//W3C//DTD XHTML 1.0 Transitional//EN"
    "http://www.w3.org/TR/xhtml1/DTD/xhtml1-transitional.dtd">
<html xmlns="http://www.w3.org/1999/xhtml" xml:lang="en" lang="en">
 <head>
  <title>
</title>
<meta http-equiv="Content-Type" content="text/html;charset=utf-8" />
  <meta name='ocr-system' content='tesseract 3.04.00' />
  <meta name='ocr-capabilities' content='ocr_page ocr_carea ocr_par ocr_line ocrx_word'/>
</head>
<body>
  <div class='ocr_page' id='page_1' title='image "./corporishaerese02unkngoog_0348.png"; bbox 0 0 3046 5124; ppageno 0'>
   <div class='ocr_carea' id='block_1_1' title="bbox 458 344 1232 419">
    <p class='ocr_par' dir='ltr' id='par_1_1' title="bbox 458 344 1232 419">
     <span class='ocr_line' id='line_1_1' title="bbox 458 344 1232 419; baseline 0 -27"><span class='ocrx_word' id='word_1_1' title='bbox 458 349 848 397; x_wconf 72' lang='lat' dir='ltr'><strong>oammuauecraamua</strong></span> <span class='ocrx_word' id='word_1_2' title='bbox 1170 344 1232 419; x_wconf 73' lang='lat'><strong>329</strong></span> 
     </span>
    </p>
   </div>
   <div class='ocr_carea' id='block_1_2' title="bbox 54 506 1496 3250">
    <p class='ocr_par' dir='ltr' id='par_1_2' title="bbox 132 506 1431 591">
     <span class='ocr_line' id='line_1_2' title="bbox 132 506 1431 591; baseline 0.005 -19"><span class='ocrx_word' id='word_1_3' title='bbox 132 506 264 591; x_wconf 79' lang='lat' dir='ltr'><strong>Aquarii</strong></span> <span class='ocrx_word' id='word_1_4' title='bbox 280 507 355 572; x_wconf 89' lang='lat' dir='ltr'><strong>dicti</strong></span> <span class='ocrx_word' id='word_1_5' title='bbox 370 507 454 590; x_wconf 91' lang='lat' dir='ltr'><strong>quod</strong></span> <span class='ocrx_word' id='word_1_6' title='bbox 469 527 583 591; x_wconf 91' lang='lat' dir='ltr'><strong>aquam</strong></span> <span class='ocrx_word' id='word_1_7' title='bbox 603 508 701 574; x_wconf 87' lang='lat' dir='ltr'><strong>solam</strong></span> <span class='ocrx_word' id='word_1_8' title='bbox 721 508 855 573; x_wconf 80' lang='lat' dir='ltr'><strong>offerunt</strong></span> <span class='ocrx_word' id='word_1_9' title='bbox 873 510 908 573; x_wconf 88' lang='lat' dir='ltr'><strong>iu</strong></span> <span class='ocrx_word' id='word_1_10' title='bbox 922 507 1019 574; x_wconf 89' lang='lat' dir='ltr'><strong>calice</strong></span> <span class='ocrx_word' id='word_1_11' title='bbox 1034 509 1232 575; x_wconf 87' lang='lat' dir='ltr'><strong>sacramenti.</strong></span> <span class='ocrx_word' id='word_1_12' title='bbox 1251 525 1301 578; x_wconf 71' lang='lat' dir='ltr'><strong>cna</strong></span> <span class='ocrx_word' id='word_1_13' title='bbox 1314 525 1431 569; x_wconf 62' lang='lat' dir='ltr'><strong>xmus</strong></span> 
     </span>
    </p>

    <p class='ocr_par' dir='ltr' id='par_1_3' title="bbox 69 609 1408 800">
     <span class='ocr_line' id='line_1_3' title="bbox 135 609 1408 694; baseline 0.005 -20"><span class='ocrx_word' id='word_1_14' title='bbox 135 609 296 675; x_wconf 88' lang='lat' dir='ltr'><strong>Seueriani</strong></span> <span class='ocrx_word' id='word_1_15' title='bbox 311 631 331 673; x_wconf 84' lang='lat' dir='ltr'><strong>a</strong></span> <span class='ocrx_word' id='word_1_16' title='bbox 345 610 458 675; x_wconf 86' lang='lat' dir='ltr'><strong>Severo</strong></span> <span class='ocrx_word' id='word_1_17' title='bbox 475 614 583 675; x_wconf 79' lang='lat' dir='ltr'>exorti.</span> <span class='ocrx_word' id='word_1_18' title='bbox 620 612 662 675; x_wconf 90' lang='lat' dir='ltr'><strong>lli</strong></span> <span class='ocrx_word' id='word_1_19' title='bbox 675 614 784 676; x_wconf 89' lang='lat' dir='ltr'><strong>vinum</strong></span> <span class='ocrx_word' id='word_1_20' title='bbox 799 632 862 677; x_wconf 90' lang='lat' dir='ltr'><strong>non</strong></span> <span class='ocrx_word' id='word_1_21' title='bbox 877 611 1005 694; x_wconf 87' lang='lat' dir='ltr'><strong>bibunt,</strong></span> <span class='ocrx_word' id='word_1_22' title='bbox 1025 617 1115 678; x_wconf 86' lang='lat' dir='ltr'><strong>vetus</strong></span> <span class='ocrx_word' id='word_1_23' title='bbox 1135 618 1231 678; x_wconf 90' lang='lat' dir='ltr'><strong>testa·</strong></span> <span class='ocrx_word' id='word_1_24' title='bbox 1251 629 1301 680; x_wconf 73' lang='lat' dir='ltr'><strong>cu·</strong></span> <span class='ocrx_word' id='word_1_25' title='bbox 1315 628 1408 672; x_wconf 67' lang='lat' dir='ltr'><strong>xxm</strong></span> 
     </span>
     <span class='ocr_line' id='line_1_4' title="bbox 69 716 793 800; baseline -0.004 -21"><span class='ocrx_word' id='word_1_26' title='bbox 69 719 213 779; x_wconf 90' lang='lat' dir='ltr'><strong>mentum</strong></span> <span class='ocrx_word' id='word_1_27' title='bbox 229 720 261 777; x_wconf 90' lang='lat' dir='ltr'><strong>et</strong></span> <span class='ocrx_word' id='word_1_28' title='bbox 275 716 535 779; x_wconf 81' lang='lat' dir='ltr'><strong>resurrectionem</strong></span> <span class='ocrx_word' id='word_1_29' title='bbox 550 735 613 778; x_wconf 90' lang='lat' dir='ltr'><strong>non</strong></span> <span class='ocrx_word' id='word_1_30' title='bbox 628 717 793 800; x_wconf 88' lang='lat' dir='ltr'><strong>recipiunt.</strong></span> 
     </span>
    </p>

    <p class='ocr_par' dir='ltr' id='par_1_4' title="bbox 69 815 1358 985">
     <span class='ocr_line' id='line_1_5' title="bbox 114 815 1358 903; baseline 0.005 -23"><span class='ocrx_word' id='word_1_31' title='bbox 114 815 257 880; x_wconf 85' lang='lat' dir='ltr'><strong>¹Tatiani</strong></span> <span class='ocrx_word' id='word_1_32' title='bbox 271 837 291 880; x_wconf 89' lang='lat' dir='ltr'><strong>a</strong></span> <span class='ocrx_word' id='word_1_33' title='bbox 305 815 440 899; x_wconf 87' lang='lat' dir='ltr'><strong>quodam</strong></span> <span class='ocrx_word' id='word_1_34' title='bbox 455 817 586 882; x_wconf 83' lang='lat' dir='ltr'><strong>Tatiano</strong></span> <span class='ocrx_word' id='word_1_35' title='bbox 603 817 693 900; x_wconf 79' lang='lat' dir='ltr'><strong>dicti,</strong></span> <span class='ocrx_word' id='word_1_36' title='bbox 714 821 768 903; x_wconf 90' lang='lat' dir='ltr'><strong>qui</strong></span> <span class='ocrx_word' id='word_1_37' title='bbox 783 824 815 883; x_wconf 91' lang='lat' dir='ltr'><strong>et</strong></span> <span class='ocrx_word' id='word_1_38' title='bbox 828 815 1033 884; x_wconf 66' lang='lat' dir='ltr'><strong>2lineratitae.</strong></span> <span class='ocrx_word' id='word_1_39' title='bbox 1066 818 1107 883; x_wconf 90' lang='lat' dir='ltr'><strong>Hi</strong></span> <span class='ocrx_word' id='word_1_40' title='bbox 1123 838 1232 885; x_wconf 89' lang='lat' dir='ltr'><strong>carnes</strong></span> <span class='ocrx_word' id='word_1_41' title='bbox 1250 834 1301 887; x_wconf 76' lang='lat' dir='ltr'><strong>cn·</strong></span> <span class='ocrx_word' id='word_1_42' title='bbox 1314 835 1358 875; x_wconf 63' lang='lat' dir='ltr'><strong>xa</strong></span> 
     </span>
     <span class='ocr_line' id='line_1_6' title="bbox 69 917 920 985; baseline -0.006 -1"><span class='ocrx_word' id='word_1_43' title='bbox 69 917 301 985; x_wconf 74' lang='lat' dir='ltr'><strong>abominantur.</strong></span> <span class='ocrx_word' id='word_1_44' title='bbox 915 934 920 941; x_wconf 91' lang='lat'><em>·</em></span> 
     </span>
    </p>

    <p class='ocr_par' dir='ltr' id='par_1_5' title="bbox 69 1021 1368 1213">
     <span class='ocr_line' id='line_1_7' title="bbox 132 1021 1368 1108; baseline 0.005 -22"><span class='ocrx_word' id='word_1_45' title='bbox 132 1021 225 1105; x_wconf 82' lang='lat' dir='ltr'><strong>Alogi</strong></span> <span class='ocrx_word' id='word_1_46' title='bbox 239 1029 390 1107; x_wconf 87' lang='lat' dir='ltr'><strong>tanquam</strong></span> <span class='ocrx_word' id='word_1_47' title='bbox 405 1023 473 1087; x_wconf 89' lang='lat' dir='ltr'><strong>siue</strong></span> <span class='ocrx_word' id='word_1_48' title='bbox 487 1023 582 1088; x_wconf 81' lang='lat' dir='ltr'><strong>uerbo</strong></span> <span class='ocrx_word' id='word_1_49' title='bbox 598 1023 683 1088; x_wconf 88' lang='lat' dir='ltr'><strong>dicti.</strong></span> <span class='ocrx_word' id='word_1_50' title='bbox 706 1024 747 1089; x_wconf 91' lang='lat' dir='ltr'><strong>Hi</strong></span> <span class='ocrx_word' id='word_1_51' title='bbox 763 1024 857 1090; x_wconf 90' lang='lat' dir='ltr'><strong>deum</strong></span> <span class='ocrx_word' id='word_1_52' title='bbox 870 1024 1002 1090; x_wconf 81' lang='lat' dir='ltr'><strong>verbum</strong></span> <span class='ocrx_word' id='word_1_53' title='bbox 1015 1046 1079 1091; x_wconf 91' lang='lat' dir='ltr'><strong>non</strong></span> <span class='ocrx_word' id='word_1_54' title='bbox 1090 1025 1232 1108; x_wconf 88' lang='lat' dir='ltr'><strong>credunt,</strong></span> <span class='ocrx_word' id='word_1_55' title='bbox 1250 1040 1300 1092; x_wconf 72' lang='lat' dir='ltr'><strong>ep.</strong></span> <span class='ocrx_word' id='word_1_56' title='bbox 1314 1041 1368 1082; x_wconf 73' lang='lat' dir='ltr'><strong>m·</strong></span> 
     </span>
     <span class='ocr_line' id='line_1_8' title="bbox 69 1122 961 1213; baseline 0 -23"><span class='ocrx_word' id='word_1_57' title='bbox 69 1122 219 1193; x_wconf 74' lang='lat' dir='ltr'><strong>Iohannis</strong></span> <span class='ocrx_word' id='word_1_58' title='bbox 236 1126 432 1209; x_wconf 84' lang='lat' dir='ltr'><strong>evangehum</strong></span> <span class='ocrx_word' id='word_1_59' title='bbox 447 1132 479 1189; x_wconf 94' lang='lat' dir='ltr'><strong>et</strong></span> <span class='ocrx_word' id='word_1_60' title='bbox 492 1127 705 1212; x_wconf 83' lang='lat' dir='ltr'><strong>Apocalypsin</strong></span> <span class='ocrx_word' id='word_1_61' title='bbox 719 1149 782 1191; x_wconf 94' lang='lat' dir='ltr'><strong>non</strong></span> <span class='ocrx_word' id='word_1_62' title='bbox 797 1129 961 1213; x_wconf 90' lang='lat' dir='ltr'><strong>recipiunt.</strong></span> 
     </span>
    </p>

    <p class='ocr_par' dir='ltr' id='par_1_6' title="bbox 68 1226 1496 1416">
     <span class='ocr_line' id='line_1_9' title="bbox 133 1226 1496 1319; baseline 0.003 -27"><span class='ocrx_word' id='word_1_63' title='bbox 133 1226 349 1314; x_wconf 82' lang='lat' dir='ltr'><strong>Cataphrygae</strong></span> <span class='ocrx_word' id='word_1_64' title='bbox 365 1252 384 1292; x_wconf 89' lang='lat' dir='ltr'><strong>a</strong></span> <span class='ocrx_word' id='word_1_65' title='bbox 397 1230 531 1312; x_wconf 84' lang='lat' dir='ltr'><strong>Phrygia</strong></span> <span class='ocrx_word' id='word_1_66' title='bbox 546 1232 708 1314; x_wconf 71' lang='lat' dir='ltr'><strong>prouincia</strong></span> <span class='ocrx_word' id='word_1_67' title='bbox 723 1229 809 1310; x_wconf 78' lang='lat' dir='ltr'><strong>dicti,</strong></span> <span class='ocrx_word' id='word_1_68' title='bbox 820 1230 904 1294; x_wconf 90' lang='lat' dir='ltr'><strong>unde</strong></span> <span class='ocrx_word' id='word_1_69' title='bbox 915 1230 1090 1295; x_wconf 85' lang='lat' dir='ltr'><strong>Montanus.</strong></span> <span class='ocrx_word' id='word_1_70' title='bbox 1113 1231 1154 1295; x_wconf 92' lang='lat' dir='ltr'><strong>Hi</strong></span> <span class='ocrx_word' id='word_1_71' title='bbox 1165 1233 1231 1315; x_wconf 91' lang='lat' dir='ltr'><strong>spi·</strong></span> <span class='ocrx_word' id='word_1_72' title='bbox 1250 1246 1300 1296; x_wconf 69' lang='lat' dir='ltr'><strong>Ceo·</strong></span> <span class='ocrx_word' id='word_1_73' title='bbox 1314 1246 1380 1286; x_wconf 56' lang='grc' dir='ltr'><strong>Μ.</strong></span> <span class='ocrx_word' id='word_1_74' title='bbox 1461 1307 1465 1319; x_wconf 31' lang='grc' dir='ltr'>ι</span> <span class='ocrx_word' id='word_1_75' title='bbox 1493 1260 1496 1265; x_wconf 93' lang='grc'>·</span> 
     </span>
     <span class='ocr_line' id='line_1_10' title="bbox 68 1330 1237 1416; baseline 0.003 -21"><span class='ocrx_word' id='word_1_76' title='bbox 68 1330 166 1395; x_wconf 87' lang='lat' dir='ltr'><strong>ritum</strong></span> <span class='ocrx_word' id='word_1_77' title='bbox 181 1337 324 1395; x_wconf 88' lang='lat' dir='ltr'><strong>sanctum</strong></span> <span class='ocrx_word' id='word_1_78' title='bbox 340 1353 403 1394; x_wconf 91' lang='lat' dir='ltr'><strong>non</strong></span> <span class='ocrx_word' id='word_1_79' title='bbox 419 1334 451 1395; x_wconf 93' lang='lat' dir='ltr'><strong>in</strong></span> <span class='ocrx_word' id='word_1_80' title='bbox 466 1332 633 1416; x_wconf 83' lang='lat' dir='ltr'><strong>apostolos,</strong></span> <span class='ocrx_word' id='word_1_81' title='bbox 649 1332 705 1396; x_wconf 88' lang='lat' dir='ltr'><strong>sed</strong></span> <span class='ocrx_word' id='word_1_82' title='bbox 721 1334 753 1395; x_wconf 93' lang='lat' dir='ltr'><strong>in</strong></span> <span class='ocrx_word' id='word_1_83' title='bbox 768 1353 801 1394; x_wconf 93' lang='lat' dir='ltr'><strong>se</strong></span> <span class='ocrx_word' id='word_1_84' title='bbox 818 1332 968 1398; x_wconf 87' lang='lat' dir='ltr'><strong>traditum</strong></span> <span class='ocrx_word' id='word_1_85' title='bbox 983 1339 1135 1398; x_wconf 81' lang='lat' dir='ltr'><strong>asserunt</strong></span> <span class='ocrx_word' id='word_1_86' title='bbox 1229 1351 1237 1360; x_wconf 86' lang='lat'>·</span> 
     </span>
    </p>

    <p class='ocr_par' dir='ltr' id='par_1_7' title="bbox 67 1432 1393 1725">
     <span class='ocr_line' id='line_1_11' title="bbox 133 1432 1393 1522; baseline 0.006 -25"><span class='ocrx_word' id='word_1_87' title='bbox 133 1432 260 1497; x_wconf 88' lang='lat' dir='ltr'><strong>Cathari</strong></span> <span class='ocrx_word' id='word_1_88' title='bbox 274 1455 294 1497; x_wconf 88' lang='lat' dir='ltr'><strong>a</strong></span> <span class='ocrx_word' id='word_1_89' title='bbox 308 1435 463 1498; x_wconf 78' lang='lat' dir='ltr'><strong>munditia</strong></span> <span class='ocrx_word' id='word_1_90' title='bbox 478 1434 562 1499; x_wconf 89' lang='lat' dir='ltr'><strong>dicti.</strong></span> <span class='ocrx_word' id='word_1_91' title='bbox 591 1435 631 1498; x_wconf 90' lang='lat' dir='ltr'><strong>lli</strong></span> <span class='ocrx_word' id='word_1_92' title='bbox 646 1435 880 1522; x_wconf 85' lang='lat' dir='ltr'><strong>paenitentibus</strong></span> <span class='ocrx_word' id='word_1_93' title='bbox 894 1436 1019 1500; x_wconf 85' lang='lat' dir='ltr'><strong>veniam</strong></span> <span class='ocrx_word' id='word_1_94' title='bbox 1032 1441 1232 1521; x_wconf 88' lang='lat' dir='ltr'><strong>peccatorum</strong></span> <span class='ocrx_word' id='word_1_95' title='bbox 1250 1452 1300 1503; x_wconf 68' lang='lat' dir='ltr'><strong>cse-</strong></span> <span class='ocrx_word' id='word_1_96' title='bbox 1314 1452 1393 1493; x_wconf 62' lang='grc' dir='ltr'><strong>ΜΠ·</strong></span> 
     </span>
     <span class='ocr_line' id='line_1_12' title="bbox 67 1535 1231 1621; baseline 0.002 -20"><span class='ocrx_word' id='word_1_97' title='bbox 67 1542 196 1620; x_wconf 78' lang='lat' dir='ltr'><strong>negant,</strong></span> <span class='ocrx_word' id='word_1_98' title='bbox 210 1535 331 1618; x_wconf 71' lang='lat' dir='ltr'><strong>uenas,</strong></span> <span class='ocrx_word' id='word_1_99' title='bbox 344 1539 370 1600; x_wconf 93' lang='lat' dir='ltr'><strong>si</strong></span> <span class='ocrx_word' id='word_1_100' title='bbox 385 1539 561 1621; x_wconf 80' lang='lat' dir='ltr'><strong>nupserint,</strong></span> <span class='ocrx_word' id='word_1_101' title='bbox 575 1544 725 1620; x_wconf 90' lang='lat' dir='ltr'><strong>tanquam</strong></span> <span class='ocrx_word' id='word_1_102' title='bbox 739 1537 897 1602; x_wconf 89' lang='lat' dir='ltr'><strong>adulteras</strong></span> <span class='ocrx_word' id='word_1_103' title='bbox 913 1538 1073 1621; x_wconf 89' lang='lat' dir='ltr'><strong>damnant,</strong></span> <span class='ocrx_word' id='word_1_104' title='bbox 1087 1538 1231 1620; x_wconf 89' lang='lat' dir='ltr'><strong>mundio-</strong></span> 
     </span>
     <span class='ocr_line' id='line_1_13' title="bbox 68 1640 505 1725; baseline 0 -22"><span class='ocrx_word' id='word_1_105' title='bbox 68 1658 119 1703; x_wconf 85' lang='lat' dir='ltr'><strong>res</strong></span> <span class='ocrx_word' id='word_1_106' title='bbox 134 1659 169 1703; x_wconf 86' lang='lat' dir='ltr'><strong>se</strong></span> <span class='ocrx_word' id='word_1_107' title='bbox 186 1641 300 1703; x_wconf 91' lang='lat' dir='ltr'><strong>ceteris</strong></span> <span class='ocrx_word' id='word_1_108' title='bbox 315 1640 505 1725; x_wconf 86' lang='lat' dir='ltr'><strong>praedicant.</strong></span> 
     </span>
    </p>

    <p class='ocr_par' dir='ltr' id='par_1_8' title="bbox 70 1740 1390 1932">
     <span class='ocr_line' id='line_1_14' title="bbox 132 1740 1390 1828; baseline 0.005 -23"><span class='ocrx_word' id='word_1_109' title='bbox 132 1740 277 1807; x_wconf 90' lang='lat' dir='ltr'><strong>Pauliani</strong></span> <span class='ocrx_word' id='word_1_110' title='bbox 292 1763 311 1804; x_wconf 93' lang='lat' dir='ltr'><strong>a</strong></span> <span class='ocrx_word' id='word_1_111' title='bbox 324 1740 420 1806; x_wconf 90' lang='lat' dir='ltr'><strong>Paulo</strong></span> <span class='ocrx_word' id='word_1_112' title='bbox 444 1741 647 1805; x_wconf 87' lang='lat' dir='ltr'><strong>Samosateno</strong></span> <span class='ocrx_word' id='word_1_113' title='bbox 668 1744 812 1828; x_wconf 90' lang='lat' dir='ltr'><strong>episcopo</strong></span> <span class='ocrx_word' id='word_1_114' title='bbox 836 1745 943 1808; x_wconf 81' lang='lat' dir='ltr'><strong>exorti.</strong></span> <span class='ocrx_word' id='word_1_115' title='bbox 980 1744 1021 1808; x_wconf 85' lang='lat' dir='ltr'><strong>lli</strong></span> <span class='ocrx_word' id='word_1_116' title='bbox 1042 1744 1151 1809; x_wconf 88' lang='lat' dir='ltr'><strong>dicunt</strong></span> <span class='ocrx_word' id='word_1_117' title='bbox 1170 1765 1232 1809; x_wconf 92' lang='lat' dir='ltr'><strong>non</strong></span> <span class='ocrx_word' id='word_1_118' title='bbox 1250 1759 1300 1811; x_wconf 69' lang='lat' dir='ltr'><strong>Car·</strong></span> <span class='ocrx_word' id='word_1_119' title='bbox 1316 1760 1390 1802; x_wconf 68' lang='lat' dir='ltr'><strong>XLIV·</strong></span> 
     </span>
     <span class='ocr_line' id='line_1_15' title="bbox 70 1844 1044 1932; baseline 0.001 -24"><span class='ocrx_word' id='word_1_120' title='bbox 70 1864 195 1929; x_wconf 87' lang='lat' dir='ltr'><strong>semper</strong></span> <span class='ocrx_word' id='word_1_121' title='bbox 210 1844 368 1909; x_wconf 83' lang='lat' dir='ltr'><strong>Christum</strong></span> <span class='ocrx_word' id='word_1_122' title='bbox 384 1844 491 1926; x_wconf 86' lang='lat' dir='ltr'><strong>luisse,</strong></span> <span class='ocrx_word' id='word_1_123' title='bbox 506 1844 562 1908; x_wconf 88' lang='lat' dir='ltr'><strong>sed</strong></span> <span class='ocrx_word' id='word_1_124' title='bbox 577 1866 597 1907; x_wconf 91' lang='lat' dir='ltr'><strong>a</strong></span> <span class='ocrx_word' id='word_1_125' title='bbox 610 1845 707 1909; x_wconf 89' lang='lat' dir='ltr'><strong>Maria</strong></span> <span class='ocrx_word' id='word_1_126' title='bbox 721 1848 848 1909; x_wconf 90' lang='lat' dir='ltr'><strong>initium</strong></span> <span class='ocrx_word' id='word_1_127' title='bbox 862 1849 1044 1932; x_wconf 86' lang='lat' dir='ltr'><strong>sumpsisse.</strong></span> 
     </span>
    </p>

    <p class='ocr_par' dir='ltr' id='par_1_9' title="bbox 68 1947 1378 2134">
     <span class='ocr_line' id='line_1_16' title="bbox 132 1947 1378 2031; baseline 0.004 -20"><span class='ocrx_word' id='word_1_128' title='bbox 132 1947 375 2030; x_wconf 87' lang='lat' dir='ltr'><strong>Hermogeniani</strong></span> <span class='ocrx_word' id='word_1_129' title='bbox 401 1947 439 2011; x_wconf 91' lang='lat' dir='ltr'><strong>ab</strong></span> <span class='ocrx_word' id='word_1_130' title='bbox 466 1948 661 2030; x_wconf 82' lang='lat' dir='ltr'><strong>Hermogene</strong></span> <span class='ocrx_word' id='word_1_131' title='bbox 688 1948 821 2031; x_wconf 90' lang='lat' dir='ltr'><strong>quodam</strong></span> <span class='ocrx_word' id='word_1_132' title='bbox 846 1951 958 2014; x_wconf 89' lang='lat' dir='ltr'><strong>vocati.</strong></span> <span class='ocrx_word' id='word_1_133' title='bbox 1003 1950 1045 2013; x_wconf 90' lang='lat' dir='ltr'><strong>Hi</strong></span> <span class='ocrx_word' id='word_1_134' title='bbox 1069 1953 1232 2014; x_wconf 89' lang='lat' dir='ltr'><strong>materiam</strong></span> <span class='ocrx_word' id='word_1_135' title='bbox 1251 1966 1301 2016; x_wconf 74' lang='lat' dir='ltr'><strong>cm·</strong></span> <span class='ocrx_word' id='word_1_136' title='bbox 1316 1965 1378 2005; x_wconf 64' lang='lat' dir='ltr'><strong>thv-</strong></span> 
     </span>
     <span class='ocr_line' id='line_1_17' title="bbox 68 2050 572 2134; baseline 0 -19"><span class='ocrx_word' id='word_1_137' title='bbox 68 2050 179 2115; x_wconf 86' lang='lat' dir='ltr'><strong>mundi</strong></span> <span class='ocrx_word' id='word_1_138' title='bbox 195 2050 252 2114; x_wconf 89' lang='lat' dir='ltr'><strong>deo</strong></span> <span class='ocrx_word' id='word_1_139' title='bbox 268 2050 430 2134; x_wconf 89' lang='lat' dir='ltr'><strong>aequalem</strong></span> <span class='ocrx_word' id='word_1_140' title='bbox 445 2051 572 2115; x_wconf 81' lang='lat' dir='ltr'><strong>iaciunt.</strong></span> 
     </span>
    </p>

    <p class='ocr_par' dir='ltr' id='par_1_10' title="bbox 68 2153 1387 2549">
     <span class='ocr_line' id='line_1_18' title="bbox 130 2153 1387 2237; baseline 0.002 -19"><span class='ocrx_word' id='word_1_141' title='bbox 130 2153 304 2219; x_wconf 84' lang='lat' dir='ltr'><strong>Manichaei</strong></span> <span class='ocrx_word' id='word_1_142' title='bbox 326 2175 344 2216; x_wconf 93' lang='lat' dir='ltr'><strong>a</strong></span> <span class='ocrx_word' id='word_1_143' title='bbox 366 2154 489 2216; x_wconf 88' lang='lat' dir='ltr'><strong>hlanete</strong></span> <span class='ocrx_word' id='word_1_144' title='bbox 512 2153 646 2237; x_wconf 85' lang='lat' dir='ltr'><strong>quodam</strong></span> <span class='ocrx_word' id='word_1_145' title='bbox 665 2153 760 2218; x_wconf 85' lang='lat' dir='ltr'><strong>Persa</strong></span> <span class='ocrx_word' id='word_1_146' title='bbox 779 2153 864 2219; x_wconf 87' lang='lat' dir='ltr'><strong>dicti.</strong></span> <span class='ocrx_word' id='word_1_147' title='bbox 901 2155 943 2218; x_wconf 93' lang='lat' dir='ltr'><strong>Hi</strong></span> <span class='ocrx_word' id='word_1_148' title='bbox 962 2154 1038 2218; x_wconf 90' lang='lat' dir='ltr'><strong>duas</strong></span> <span class='ocrx_word' id='word_1_149' title='bbox 1059 2161 1186 2220; x_wconf 88' lang='lat' dir='ltr'><strong>naturas</strong></span> <span class='ocrx_word' id='word_1_150' title='bbox 1201 2163 1232 2219; x_wconf 93' lang='lat' dir='ltr'><strong>et</strong></span> <span class='ocrx_word' id='word_1_151' title='bbox 1251 2172 1300 2222; x_wconf 66' lang='lat' dir='ltr'><strong>sao·</strong></span> <span class='ocrx_word' id='word_1_152' title='bbox 1313 2171 1387 2211; x_wconf 65' lang='lat' dir='ltr'><strong>xm·</strong></span> 
     </span>
     <span class='ocr_line' id='line_1_19' title="bbox 68 2255 1231 2341; baseline 0 -20"><span class='ocrx_word' id='word_1_153' title='bbox 68 2256 274 2336; x_wconf 81' lang='lat' dir='ltr'><strong>substantias,</strong></span> <span class='ocrx_word' id='word_1_154' title='bbox 296 2255 329 2320; x_wconf 86' lang='lat' dir='ltr'><strong>id</strong></span> <span class='ocrx_word' id='word_1_155' title='bbox 351 2263 399 2319; x_wconf 88' lang='lat' dir='ltr'><strong>est</strong></span> <span class='ocrx_word' id='word_1_156' title='bbox 419 2257 534 2320; x_wconf 90' lang='lat' dir='ltr'><strong>bonam</strong></span> <span class='ocrx_word' id='word_1_157' title='bbox 550 2263 581 2319; x_wconf 90' lang='lat' dir='ltr'><strong>et</strong></span> <span class='ocrx_word' id='word_1_158' title='bbox 594 2256 721 2338; x_wconf 79' lang='lat' dir='ltr'><strong>malam,</strong></span> <span class='ocrx_word' id='word_1_159' title='bbox 741 2257 953 2339; x_wconf 83' lang='lat' dir='ltr'><strong>introducunt,</strong></span> <span class='ocrx_word' id='word_1_160' title='bbox 974 2260 1094 2322; x_wconf 87' lang='lat' dir='ltr'><strong>animas</strong></span> <span class='ocrx_word' id='word_1_161' title='bbox 1110 2279 1148 2321; x_wconf 87' lang='lat' dir='ltr'><strong>ex</strong></span> <span class='ocrx_word' id='word_1_162' title='bbox 1164 2259 1231 2341; x_wconf 84' lang='lat' dir='ltr'><strong>deo,</strong></span> 
     </span>
     <span class='ocr_line' id='line_1_20' title="bbox 69 2348 1230 2445; baseline 0.001 -21"><span class='ocrx_word' id='word_1_163' title='bbox 69 2362 158 2445; x_wconf 88' lang='lat' dir='ltr'><strong>quasi</strong></span> <span class='ocrx_word' id='word_1_164' title='bbox 179 2380 218 2422; x_wconf 88' lang='lat' dir='ltr'><strong>ex</strong></span> <span class='ocrx_word' id='word_1_165' title='bbox 238 2358 340 2442; x_wconf 88' lang='lat' dir='ltr'><strong>aliquo</strong></span> <span class='ocrx_word' id='word_1_166' title='bbox 362 2359 463 2440; x_wconf 81' lang='lat' dir='ltr'><strong>sonte,</strong></span> <span class='ocrx_word' id='word_1_167' title='bbox 484 2381 610 2423; x_wconf 89' lang='lat' dir='ltr'><strong>manare</strong></span> <span class='ocrx_word' id='word_1_168' title='bbox 630 2366 783 2423; x_wconf 89' lang='lat' dir='ltr'><strong>asserunt.</strong></span> <span class='ocrx_word' id='word_1_169' title='bbox 821 2360 917 2424; x_wconf 88' lang='lat' dir='ltr'><strong>Vetus</strong></span> <span class='ocrx_word' id='word_1_170' title='bbox 938 2348 1160 2427; x_wconf 78' lang='lat' dir='ltr'><strong>testamentum</strong></span> <span class='ocrx_word' id='word_1_171' title='bbox 1182 2382 1230 2426; x_wconf 90' lang='lat' dir='ltr'><strong>re·</strong></span> 
     </span>
     <span class='ocr_line' id='line_1_21' title="bbox 69 2464 661 2549; baseline -0.005 -21"><span class='ocrx_word' id='word_1_172' title='bbox 69 2469 197 2549; x_wconf 86' lang='lat' dir='ltr'><strong>spuunt,</strong></span> <span class='ocrx_word' id='word_1_173' title='bbox 211 2483 326 2526; x_wconf 85' lang='lat' dir='ltr'><strong>novum</strong></span> <span class='ocrx_word' id='word_1_174' title='bbox 342 2483 380 2524; x_wconf 87' lang='lat' dir='ltr'><strong>ex</strong></span> <span class='ocrx_word' id='word_1_175' title='bbox 394 2468 482 2546; x_wconf 91' lang='lat' dir='ltr'><strong>parte</strong></span> <span class='ocrx_word' id='word_1_176' title='bbox 497 2464 661 2546; x_wconf 89' lang='lat' dir='ltr'><strong>recipiunt.</strong></span> 
     </span>
    </p>

    <p class='ocr_par' dir='ltr' id='par_1_11' title="bbox 131 2563 1400 2647">
     <span class='ocr_line' id='line_1_22' title="bbox 131 2563 1400 2647; baseline -0.007 -16"><span class='ocrx_word' id='word_1_177' title='bbox 131 2566 301 2631; x_wconf 79' lang='lat' dir='ltr'><strong>Anonnani</strong></span> <span class='ocrx_word' id='word_1_178' title='bbox 316 2567 383 2629; x_wconf 89' lang='lat' dir='ltr'><strong>siue</strong></span> <span class='ocrx_word' id='word_1_179' title='bbox 399 2563 465 2647; x_wconf 83' lang='lat' dir='ltr'><strong>lege</strong></span> <span class='ocrx_word' id='word_1_180' title='bbox 480 2568 631 2629; x_wconf 85' lang='lat' dir='ltr'><strong>viventes.</strong></span> <span class='ocrx_word' id='word_1_181' title='bbox 1250 2583 1300 2633; x_wconf 67' lang='lat' dir='ltr'><strong>cap.</strong></span> <span class='ocrx_word' id='word_1_182' title='bbox 1315 2582 1400 2623; x_wconf 80' lang='lat' dir='ltr'><strong>xcvii.</strong></span> 
     </span>
    </p>

    <p class='ocr_par' dir='ltr' id='par_1_12' title="bbox 67 2666 1410 2960">
     <span class='ocr_line' id='line_1_23' title="bbox 130 2666 1410 2757; baseline 0.003 -23"><span class='ocrx_word' id='word_1_183' title='bbox 130 2667 469 2753; x_wconf 87' lang='lat' dir='ltr'><strong>Anthropomorphitae</strong></span> <span class='ocrx_word' id='word_1_184' title='bbox 485 2667 524 2732; x_wconf 94' lang='lat' dir='ltr'><strong>ab</strong></span> <span class='ocrx_word' id='word_1_185' title='bbox 539 2668 665 2732; x_wconf 87' lang='lat' dir='ltr'><strong>homine</strong></span> <span class='ocrx_word' id='word_1_186' title='bbox 680 2668 773 2748; x_wconf 88' lang='lat' dir='ltr'><strong>dicti;</strong></span> <span class='ocrx_word' id='word_1_187' title='bbox 794 2666 945 2757; x_wconf 83' lang='grc' dir='ltr'>ἄνθρωπος</span> <span class='ocrx_word' id='word_1_188' title='bbox 966 2671 1050 2734; x_wconf 88' lang='lat' dir='ltr'><strong>enim</strong></span> <span class='ocrx_word' id='word_1_189' title='bbox 1069 2670 1160 2736; x_wconf 91' lang='lat' dir='ltr'><strong>homo</strong></span> <span class='ocrx_word' id='word_1_190' title='bbox 1182 2670 1230 2734; x_wconf 88' lang='lat' dir='ltr'><strong>di·</strong></span> <span class='ocrx_word' id='word_1_191' title='bbox 1250 2686 1300 2737; x_wconf 70' lang='lat' dir='ltr'><strong>cn</strong></span> <span class='ocrx_word' id='word_1_192' title='bbox 1313 2686 1410 2727; x_wconf 67' lang='lat' dir='ltr'><strong>fflsst</strong></span> 
     </span>
     <span class='ocr_line' id='line_1_24' title="bbox 68 2771 1229 2838; baseline -0.001 0"><span class='ocrx_word' id='word_1_193' title='bbox 68 2775 159 2838; x_wconf 86' lang='lat' dir='ltr'><strong>citur.</strong></span> <span class='ocrx_word' id='word_1_194' title='bbox 196 2772 236 2835; x_wconf 90' lang='lat' dir='ltr'><strong>Hi</strong></span> <span class='ocrx_word' id='word_1_195' title='bbox 253 2771 346 2835; x_wconf 88' lang='lat' dir='ltr'><strong>deum</strong></span> <span class='ocrx_word' id='word_1_196' title='bbox 360 2772 498 2835; x_wconf 89' lang='lat' dir='ltr'><strong>humana</strong></span> <span class='ocrx_word' id='word_1_197' title='bbox 512 2772 654 2836; x_wconf 91' lang='lat' dir='ltr'><strong>membra</strong></span> <span class='ocrx_word' id='word_1_198' title='bbox 669 2779 700 2835; x_wconf 90' lang='lat' dir='ltr'><strong>et</strong></span> <span class='ocrx_word' id='word_1_199' title='bbox 714 2772 883 2837; x_wconf 89' lang='lat' dir='ltr'><strong>humanam</strong></span> <span class='ocrx_word' id='word_1_200' title='bbox 898 2774 1029 2838; x_wconf 84' lang='lat' dir='ltr'><strong>sormam</strong></span> <span class='ocrx_word' id='word_1_201' title='bbox 1044 2772 1159 2838; x_wconf 89' lang='lat' dir='ltr'><strong>habere</strong></span> <span class='ocrx_word' id='word_1_202' title='bbox 1174 2794 1229 2837; x_wconf 92' lang='lat' dir='ltr'><strong>au·</strong></span> 
     </span>
     <span class='ocr_line' id='line_1_25' title="bbox 67 2875 826 2960; baseline -0.004 -19"><span class='ocrx_word' id='word_1_203' title='bbox 67 2879 202 2957; x_wconf 83' lang='lat' dir='ltr'><strong>tument,</strong></span> <span class='ocrx_word' id='word_1_204' title='bbox 218 2895 289 2939; x_wconf 92' lang='lat' dir='ltr'><strong>cum</strong></span> <span class='ocrx_word' id='word_1_205' title='bbox 304 2875 380 2939; x_wconf 89' lang='lat' dir='ltr'><strong>deus</strong></span> <span class='ocrx_word' id='word_1_206' title='bbox 397 2877 440 2938; x_wconf 93' lang='lat' dir='ltr'><strong>sit</strong></span> <span class='ocrx_word' id='word_1_207' title='bbox 454 2877 582 2958; x_wconf 88' lang='lat' dir='ltr'><strong>spiritus</strong></span> <span class='ocrx_word' id='word_1_208' title='bbox 602 2882 633 2938; x_wconf 93' lang='lat' dir='ltr'><strong>et</strong></span> <span class='ocrx_word' id='word_1_209' title='bbox 649 2896 826 2960; x_wconf 89' lang='lat' dir='ltr'><strong>corporeus.</strong></span> 
     </span>
    </p>

    <p class='ocr_par' dir='ltr' id='par_1_13' title="bbox 54 2978 1386 3250">
     <span class='ocr_line' id='line_1_26' title="bbox 133 2978 1386 3062; baseline 0.004 -21"><span class='ocrx_word' id='word_1_210' title='bbox 133 2978 327 3042; x_wconf 89' lang='lat' dir='ltr'><strong>¹Heraolitae</strong></span> <span class='ocrx_word' id='word_1_211' title='bbox 343 2978 382 3041; x_wconf 87' lang='lat' dir='ltr'><strong>ab</strong></span> <span class='ocrx_word' id='word_1_212' title='bbox 397 2978 541 3041; x_wconf 89' lang='lat' dir='ltr'><strong>Heraclio</strong></span> <span class='ocrx_word' id='word_1_213' title='bbox 562 2979 696 3062; x_wconf 87' lang='lat' dir='ltr'><strong>quodam</strong></span> <span class='ocrx_word' id='word_1_214' title='bbox 717 2981 825 3043; x_wconf 85' lang='lat' dir='ltr'><strong>exorti.</strong></span> <span class='ocrx_word' id='word_1_215' title='bbox 858 2979 899 3042; x_wconf 91' lang='lat' dir='ltr'><strong>Hi</strong></span> <span class='ocrx_word' id='word_1_216' title='bbox 919 2979 1089 3044; x_wconf 87' lang='lat' dir='ltr'><strong>monachos</strong></span> <span class='ocrx_word' id='word_1_217' title='bbox 1108 2985 1386 3046; x_wconf 64' lang='lat' dir='ltr'><strong>autumantes</strong></span> 
     </span>
     <span class='ocr_line' id='line_1_27' title="bbox 54 3078 1230 3168; baseline 0.001 -21"><span class='ocrx_word' id='word_1_218' title='bbox 54 3084 233 3167; x_wconf 74' lang='lat' dir='ltr'><strong>recipiunt,</strong></span> <span class='ocrx_word' id='word_1_219' title='bbox 263 3083 406 3163; x_wconf 86' lang='lat' dir='ltr'><strong>coniugia</strong></span> <span class='ocrx_word' id='word_1_220' title='bbox 427 3087 593 3165; x_wconf 81' lang='lat' dir='ltr'><strong>respuunt,</strong></span> <span class='ocrx_word' id='word_1_221' title='bbox 615 3081 761 3168; x_wconf 87' lang='lat' dir='ltr'><strong>parvulos</strong></span> <span class='ocrx_word' id='word_1_222' title='bbox 784 3102 913 3165; x_wconf 81' lang='lat' dir='ltr'><strong>regnum</strong></span> <span class='ocrx_word' id='word_1_223' title='bbox 937 3078 1095 3147; x_wconf 87' lang='lat' dir='ltr'><strong>caelorum</strong></span> <span class='ocrx_word' id='word_1_224' title='bbox 1116 3083 1230 3148; x_wconf 88' lang='lat' dir='ltr'><strong>habere</strong></span> 
     </span>
     <span class='ocr_line' id='line_1_28' title="bbox 66 3183 286 3250; baseline -0.005 0"><span class='ocrx_word' id='word_1_225' title='bbox 66 3206 130 3250; x_wconf 92' lang='lat' dir='ltr'><strong>non</strong></span> <span class='ocrx_word' id='word_1_226' title='bbox 147 3183 286 3249; x_wconf 88' lang='lat' dir='ltr'><strong>eredunt.</strong></span> 
     </span>
    </p>
   </div>
   <div class='ocr_carea' id='block_1_3' title="bbox 64 3287 1359 3994">
    <p class='ocr_par' dir='ltr' id='par_1_14' title="bbox 66 3287 1338 3478">
     <span class='ocr_line' id='line_1_29' title="bbox 130 3287 1338 3375; baseline -0.001 -22"><span class='ocrx_word' id='word_1_227' title='bbox 130 3288 303 3353; x_wconf 86' lang='lat' dir='ltr'><strong>Novatiano</strong></span> <span class='ocrx_word' id='word_1_228' title='bbox 318 3309 337 3351; x_wconf 90' lang='lat' dir='ltr'><strong>a</strong></span> <span class='ocrx_word' id='word_1_229' title='bbox 350 3287 469 3351; x_wconf 87' lang='lat' dir='ltr'><strong>Novato</strong></span> <span class='ocrx_word' id='word_1_230' title='bbox 485 3287 571 3351; x_wconf 88' lang='lat' dir='ltr'><strong>urbis</strong></span> <span class='ocrx_word' id='word_1_231' title='bbox 583 3287 699 3353; x_wconf 87' lang='lat' dir='ltr'><strong>Romae</strong></span> <span class='ocrx_word' id='word_1_232' title='bbox 714 3287 895 3373; x_wconf 89' lang='lat' dir='ltr'><strong>presbytero</strong></span> <span class='ocrx_word' id='word_1_233' title='bbox 909 3289 993 3354; x_wconf 88' lang='lat' dir='ltr'><strong>dicti.</strong></span> <span class='ocrx_word' id='word_1_234' title='bbox 1016 3290 1058 3354; x_wconf 91' lang='lat' dir='ltr'><strong>Hi</strong></span> <span class='ocrx_word' id='word_1_235' title='bbox 1072 3289 1176 3375; x_wconf 91' lang='lat' dir='ltr'><strong>lapsos</strong></span> <span class='ocrx_word' id='word_1_236' title='bbox 1191 3291 1232 3355; x_wconf 87' lang='lat' dir='ltr'><strong>ad</strong></span> <span class='ocrx_word' id='word_1_237' title='bbox 1250 3304 1300 3352; x_wconf 77' lang='lat' dir='ltr'><strong>cu.</strong></span> <span class='ocrx_word' id='word_1_238' title='bbox 1315 3305 1338 3345; x_wconf 70' lang='lat' dir='ltr'><strong>a·</strong></span> 
     </span>
     <span class='ocr_line' id='line_1_30' title="bbox 66 3390 1088 3478; baseline 0 -21"><span class='ocrx_word' id='word_1_239' title='bbox 66 3393 293 3478; x_wconf 86' lang='lat' dir='ltr'><strong>paenitentiam</strong></span> <span class='ocrx_word' id='word_1_240' title='bbox 309 3412 372 3455; x_wconf 89' lang='lat' dir='ltr'><strong>non</strong></span> <span class='ocrx_word' id='word_1_241' title='bbox 387 3391 591 3476; x_wconf 85' lang='lat' dir='ltr'><strong>recipiebant,</strong></span> <span class='ocrx_word' id='word_1_242' title='bbox 607 3397 638 3454; x_wconf 92' lang='lat' dir='ltr'><strong>et</strong></span> <span class='ocrx_word' id='word_1_243' title='bbox 652 3390 826 3476; x_wconf 90' lang='lat' dir='ltr'><strong>baptizatos</strong></span> <span class='ocrx_word' id='word_1_244' title='bbox 841 3393 1088 3478; x_wconf 87' lang='lat' dir='ltr'><strong>rebaptizabant.</strong></span> 
     </span>
    </p>

    <p class='ocr_par' dir='ltr' id='par_1_15' title="bbox 65 3494 1349 3684">
     <span class='ocr_line' id='line_1_31' title="bbox 129 3494 1349 3582; baseline 0.002 -22"><span class='ocrx_word' id='word_1_245' title='bbox 129 3496 270 3560; x_wconf 88' lang='lat' dir='ltr'><strong>Montani</strong></span> <span class='ocrx_word' id='word_1_246' title='bbox 287 3494 478 3559; x_wconf 89' lang='lat' dir='ltr'><strong>amentibus</strong></span> <span class='ocrx_word' id='word_1_247' title='bbox 494 3494 579 3559; x_wconf 89' lang='lat' dir='ltr'><strong>dicti.</strong></span> <span class='ocrx_word' id='word_1_248' title='bbox 616 3494 658 3559; x_wconf 91' lang='lat' dir='ltr'><strong>Hi</strong></span> <span class='ocrx_word' id='word_1_249' title='bbox 678 3501 819 3580; x_wconf 90' lang='lat' dir='ltr'><strong>tempore</strong></span> <span class='ocrx_word' id='word_1_250' title='bbox 840 3500 1066 3582; x_wconf 87' lang='lat' dir='ltr'><strong>persecutionis</strong></span> <span class='ocrx_word' id='word_1_251' title='bbox 1086 3500 1120 3561; x_wconf 93' lang='lat' dir='ltr'><strong>in</strong></span> <span class='ocrx_word' id='word_1_252' title='bbox 1141 3518 1230 3562; x_wconf 91' lang='lat' dir='ltr'><strong>mon·</strong></span> <span class='ocrx_word' id='word_1_253' title='bbox 1249 3511 1299 3562; x_wconf 71' lang='lat' dir='ltr'><strong>Car·</strong></span> <span class='ocrx_word' id='word_1_254' title='bbox 1314 3512 1349 3552; x_wconf 64' lang='lat' dir='ltr'><strong>bt</strong></span> 
     </span>
     <span class='ocr_line' id='line_1_32' title="bbox 65 3598 973 3684; baseline -0.001 -20"><span class='ocrx_word' id='word_1_255' title='bbox 65 3598 151 3664; x_wconf 88' lang='lat' dir='ltr'><strong>tibus</strong></span> <span class='ocrx_word' id='word_1_256' title='bbox 167 3598 334 3678; x_wconf 85' lang='lat' dir='ltr'><strong>latuerunt,</strong></span> <span class='ocrx_word' id='word_1_257' title='bbox 350 3604 429 3662; x_wconf 90' lang='lat' dir='ltr'><strong>etse</strong></span> <span class='ocrx_word' id='word_1_258' title='bbox 445 3619 464 3662; x_wconf 93' lang='lat' dir='ltr'><strong>a</strong></span> <span class='ocrx_word' id='word_1_259' title='bbox 480 3619 606 3684; x_wconf 89' lang='lat' dir='ltr'><strong>corpore</strong></span> <span class='ocrx_word' id='word_1_260' title='bbox 623 3598 773 3663; x_wconf 88' lang='lat' dir='ltr'><strong>ecclesiae</strong></span> <span class='ocrx_word' id='word_1_261' title='bbox 790 3599 973 3665; x_wconf 86' lang='lat' dir='ltr'><strong>diviserunt.</strong></span> 
     </span>
    </p>

    <p class='ocr_par' dir='ltr' id='par_1_16' title="bbox 64 3701 1359 3994">
     <span class='ocr_line' id='line_1_33' title="bbox 128 3701 1359 3788; baseline 0.001 -21"><span class='ocrx_word' id='word_1_262' title='bbox 128 3702 292 3768; x_wconf 80' lang='lat' dir='ltr'><strong>Ebionitae</strong></span> <span class='ocrx_word' id='word_1_263' title='bbox 308 3702 347 3765; x_wconf 89' lang='lat' dir='ltr'><strong>ab</strong></span> <span class='ocrx_word' id='word_1_264' title='bbox 363 3701 481 3765; x_wconf 87' lang='lat' dir='ltr'><strong>Ebione</strong></span> <span class='ocrx_word' id='word_1_265' title='bbox 496 3705 608 3767; x_wconf 88' lang='lat' dir='ltr'><strong>vocati.</strong></span> <span class='ocrx_word' id='word_1_266' title='bbox 646 3703 686 3766; x_wconf 89' lang='lat' dir='ltr'><strong>Hi</strong></span> <span class='ocrx_word' id='word_1_267' title='bbox 702 3702 860 3767; x_wconf 83' lang='lat' dir='ltr'><strong>Christum</strong></span> <span class='ocrx_word' id='word_1_268' title='bbox 874 3704 1048 3788; x_wconf 88' lang='lat' dir='ltr'><strong>perlectum</strong></span> <span class='ocrx_word' id='word_1_269' title='bbox 1062 3708 1183 3766; x_wconf 90' lang='lat' dir='ltr'><strong>tantum</strong></span> <span class='ocrx_word' id='word_1_270' title='bbox 1199 3710 1231 3767; x_wconf 90' lang='lat' dir='ltr'><strong>et</strong></span> <span class='ocrx_word' id='word_1_271' title='bbox 1248 3718 1298 3768; x_wconf 72' lang='lat' dir='ltr'><strong>cer·</strong></span> <span class='ocrx_word' id='word_1_272' title='bbox 1313 3718 1359 3759; x_wconf 70' lang='lat' dir='ltr'><strong>hu·</strong></span> 
     </span>
     <span class='ocr_line' id='line_1_34' title="bbox 64 3805 1230 3890; baseline -0.002 -18"><span class='ocrx_word' id='word_1_273' title='bbox 64 3808 184 3872; x_wconf 82' lang='lat' dir='ltr'><strong>iustum</strong></span> <span class='ocrx_word' id='word_1_274' title='bbox 198 3807 301 3869; x_wconf 85' lang='lat' dir='ltr'><strong>virum</strong></span> <span class='ocrx_word' id='word_1_275' title='bbox 315 3811 436 3890; x_wconf 90' lang='lat' dir='ltr'><strong>putant.</strong></span> <span class='ocrx_word' id='word_1_276' title='bbox 474 3806 515 3869; x_wconf 90' lang='lat' dir='ltr'><strong>Hi</strong></span> <span class='ocrx_word' id='word_1_277' title='bbox 530 3805 720 3871; x_wconf 83' lang='lat' dir='ltr'><strong>Semiiudeei</strong></span> <span class='ocrx_word' id='word_1_278' title='bbox 735 3813 824 3890; x_wconf 82' lang='lat' dir='ltr'><strong>sunt,</strong></span> <span class='ocrx_word' id='word_1_279' title='bbox 842 3806 1045 3889; x_wconf 85' lang='lat' dir='ltr'><strong>Evangehum</strong></span> <span class='ocrx_word' id='word_1_280' title='bbox 1059 3810 1183 3889; x_wconf 81' lang='lat' dir='ltr'><strong>tenent,</strong></span> <span class='ocrx_word' id='word_1_281' title='bbox 1199 3813 1230 3870; x_wconf 93' lang='lat' dir='ltr'><strong>et</strong></span> 
     </span>
     <span class='ocr_line' id='line_1_35' title="bbox 66 3908 501 3994; baseline 0 -21"><span class='ocrx_word' id='word_1_282' title='bbox 66 3908 168 3994; x_wconf 78' lang='lat' dir='ltr'><strong>legem</strong></span> <span class='ocrx_word' id='word_1_283' title='bbox 183 3909 350 3973; x_wconf 86' lang='lat' dir='ltr'><strong>carnaliter</strong></span> <span class='ocrx_word' id='word_1_284' title='bbox 365 3916 501 3974; x_wconf 84' lang='lat' dir='ltr'><strong>seruant.</strong></span> 
     </span>
    </p>
   </div>
   <div class='ocr_carea' id='block_1_4' title="bbox 66 4011 1372 4407">
    <p class='ocr_par' dir='ltr' id='par_1_17' title="bbox 66 4011 1372 4201">
     <span class='ocr_line' id='line_1_36' title="bbox 69 4011 1372 4097; baseline 0.001 -19"><span class='ocrx_word' id='word_1_285' title='bbox 69 4024 79 4051; x_wconf 76' lang='lat'>⁸</span> <span class='ocrx_word' id='word_1_286' title='bbox 128 4011 309 4077; x_wconf 91' lang='lat' dir='ltr'><strong>Photiniani</strong></span> <span class='ocrx_word' id='word_1_287' title='bbox 329 4034 347 4075; x_wconf 92' lang='lat' dir='ltr'><strong>a</strong></span> <span class='ocrx_word' id='word_1_288' title='bbox 365 4011 498 4076; x_wconf 89' lang='lat' dir='ltr'><strong>Photino</strong></span> <span class='ocrx_word' id='word_1_289' title='bbox 525 4012 649 4077; x_wconf 87' lang='lat' dir='ltr'><strong>¹Sirmii</strong></span> <span class='ocrx_word' id='word_1_290' title='bbox 674 4014 819 4097; x_wconf 88' lang='lat' dir='ltr'><strong>episcopo</strong></span> <span class='ocrx_word' id='word_1_291' title='bbox 841 4012 925 4076; x_wconf 89' lang='lat' dir='ltr'><strong>dicti.</strong></span> <span class='ocrx_word' id='word_1_292' title='bbox 968 4012 1009 4076; x_wconf 91' lang='lat' dir='ltr'><strong>Hi</strong></span> <span class='ocrx_word' id='word_1_293' title='bbox 1032 4011 1190 4079; x_wconf 87' lang='lat' dir='ltr'><strong>Christum</strong></span> <span class='ocrx_word' id='word_1_294' title='bbox 1211 4027 1372 4079; x_wconf 72' lang='lat' dir='ltr'><strong>acu-MH-</strong></span> 
     </span>
     <span class='ocr_line' id='line_1_37' title="bbox 66 4114 1015 4201; baseline -0.004 -19"><span class='ocrx_word' id='word_1_295' title='bbox 66 4115 164 4188; x_wconf 82' lang='lat' dir='ltr'><strong>Maria</strong></span> <span class='ocrx_word' id='word_1_296' title='bbox 177 4137 234 4200; x_wconf 91' lang='lat' dir='ltr'><strong>per</strong></span> <span class='ocrx_word' id='word_1_297' title='bbox 248 4114 360 4200; x_wconf 89' lang='lat' dir='ltr'><strong>loseph</strong></span> <span class='ocrx_word' id='word_1_298' title='bbox 376 4116 508 4200; x_wconf 88' lang='lat' dir='ltr'><strong>nuptiali</strong></span> <span class='ocrx_word' id='word_1_299' title='bbox 524 4119 608 4179; x_wconf 87' lang='lat' dir='ltr'><strong>coitu</strong></span> <span class='ocrx_word' id='word_1_300' title='bbox 623 4123 809 4201; x_wconf 91' lang='lat' dir='ltr'><strong>conceptum</strong></span> <span class='ocrx_word' id='word_1_301' title='bbox 824 4115 1015 4201; x_wconf 86' lang='lat' dir='ltr'><strong>praedicant.</strong></span> 
     </span>
    </p>

    <p class='ocr_par' dir='ltr' id='par_1_18' title="bbox 66 4217 1369 4407">
     <span class='ocr_line' id='line_1_38' title="bbox 128 4217 1369 4307; baseline 0.004 -23"><span class='ocrx_word' id='word_1_302' title='bbox 128 4220 256 4284; x_wconf 67' lang='lat' dir='ltr'><strong>Atriani</strong></span> <span class='ocrx_word' id='word_1_303' title='bbox 272 4219 311 4282; x_wconf 90' lang='lat' dir='ltr'><strong>ab</strong></span> <span class='ocrx_word' id='word_1_304' title='bbox 327 4219 419 4284; x_wconf 67' lang='lat' dir='ltr'><strong>Atrio</strong></span> <span class='ocrx_word' id='word_1_305' title='bbox 436 4217 570 4302; x_wconf 90' lang='lat' dir='ltr'><strong>quodam</strong></span> <span class='ocrx_word' id='word_1_306' title='bbox 585 4219 669 4284; x_wconf 89' lang='lat' dir='ltr'><strong>dicti.</strong></span> <span class='ocrx_word' id='word_1_307' title='bbox 706 4220 748 4283; x_wconf 93' lang='lat' dir='ltr'><strong>Hi</strong></span> <span class='ocrx_word' id='word_1_308' title='bbox 763 4220 873 4284; x_wconf 83' lang='lat' dir='ltr'><strong>offerre</strong></span> <span class='ocrx_word' id='word_1_309' title='bbox 889 4220 1076 4284; x_wconf 88' lang='lat' dir='ltr'><strong>sacrificium</strong></span> <span class='ocrx_word' id='word_1_310' title='bbox 1095 4242 1152 4307; x_wconf 92' lang='lat' dir='ltr'><strong>pro</strong></span> <span class='ocrx_word' id='word_1_311' title='bbox 1174 4223 1228 4287; x_wconf 87' lang='lat' dir='ltr'><strong>de·</strong></span> <span class='ocrx_word' id='word_1_312' title='bbox 1248 4236 1299 4288; x_wconf 68' lang='lat' dir='ltr'><strong>ear·</strong></span> <span class='ocrx_word' id='word_1_313' title='bbox 1314 4237 1369 4278; x_wconf 69' lang='lat' dir='ltr'><strong>Llv·</strong></span> 
     </span>
     <span class='ocr_line' id='line_1_39' title="bbox 66 4320 359 4407; baseline -0.01 -20"><span class='ocrx_word' id='word_1_314' title='bbox 66 4320 182 4388; x_wconf 75' lang='lat' dir='ltr'><strong>functis</strong></span> <span class='ocrx_word' id='word_1_315' title='bbox 197 4326 359 4407; x_wconf 88' lang='lat' dir='ltr'><strong>spernunt.</strong></span> 
     </span>
    </p>
   </div>
   <div class='ocr_carea' id='block_1_5' title="bbox 117 4439 1229 4580">
    <p class='ocr_par' dir='ltr' id='par_1_19' title="bbox 117 4439 1229 4580">
     <span class='ocr_line' id='line_1_40' title="bbox 117 4439 1161 4511; baseline 0.003 -17"><span class='ocrx_word' id='word_1_316' title='bbox 117 4439 179 4511; x_wconf 86' lang='lat' dir='ltr'><strong>Cap.</strong></span> <span class='ocrx_word' id='word_1_317' title='bbox 192 4440 248 4495; x_wconf 88' lang='lat' dir='ltr'><strong>XL.</strong></span> <span class='ocrx_word' id='word_1_318' title='bbox 262 4471 296 4482; x_wconf 87' lang='lat'>-</span> <span class='ocrx_word' id='word_1_319' title='bbox 310 4442 331 4494; x_wconf 90' lang='lat' dir='ltr'><strong>l.</strong></span> <span class='ocrx_word' id='word_1_320' title='bbox 352 4440 429 4509; x_wconf 73' lang='lat' dir='ltr'><strong>Vulqo</strong></span> <span class='ocrx_word' id='word_1_321' title='bbox 441 4440 547 4494; x_wconf 82' lang='lat' dir='ltr'><strong>Taciani</strong></span> <span class='ocrx_word' id='word_1_322' title='bbox 560 4441 700 4511; x_wconf 85' lang='lat' dir='ltr'><strong>aquodam</strong></span> <span class='ocrx_word' id='word_1_323' title='bbox 712 4441 834 4494; x_wconf 82' lang='lat' dir='ltr'><strong>Taeiano.</strong></span> <span class='ocrx_word' id='word_1_324' title='bbox 891 4441 915 4494; x_wconf 76' lang='lat'><strong>2.</strong></span> <span class='ocrx_word' id='word_1_325' title='bbox 935 4442 1013 4511; x_wconf 73' lang='lat' dir='ltr'><strong>l&#39;clqo</strong></span> <span class='ocrx_word' id='word_1_326' title='bbox 1025 4441 1161 4499; x_wconf 86' lang='lat' dir='ltr'><strong>Creatitae.</strong></span> 
     </span>
     <span class='ocr_line' id='line_1_41' title="bbox 117 4508 1229 4580; baseline 0.004 -17"><span class='ocrx_word' id='word_1_327' title='bbox 117 4508 179 4580; x_wconf 81' lang='lat' dir='ltr'><strong>Cap.</strong></span> <span class='ocrx_word' id='word_1_328' title='bbox 192 4509 287 4564; x_wconf 79' lang='lat' dir='ltr'><strong>XLIX.</strong></span> <span class='ocrx_word' id='word_1_329' title='bbox 298 4540 331 4549; x_wconf 87' lang='lat'>—</span> <span class='ocrx_word' id='word_1_330' title='bbox 346 4509 367 4561; x_wconf 95' lang='lat'><strong>1.</strong></span> <span class='ocrx_word' id='word_1_331' title='bbox 380 4511 416 4561; x_wconf 86' lang='lat' dir='ltr'><strong>Id</strong></span> <span class='ocrx_word' id='word_1_332' title='bbox 427 4519 464 4561; x_wconf 81' lang='lat' dir='ltr'><strong>eat</strong></span> <span class='ocrx_word' id='word_1_333' title='bbox 473 4510 617 4564; x_wconf 86' lang='lat' dir='ltr'><strong>Hieracitae</strong></span> <span class='ocrx_word' id='word_1_334' title='bbox 630 4513 663 4565; x_wconf 90' lang='lat' dir='ltr'><strong>ab</strong></span> <span class='ocrx_word' id='word_1_335' title='bbox 674 4512 784 4565; x_wconf 88' lang='lat' dir='ltr'><strong>Hieraca</strong></span> <span class='ocrx_word' id='word_1_336' title='bbox 795 4509 915 4580; x_wconf 81' lang='lat' dir='ltr'><strong>quodam,</strong></span> <span class='ocrx_word' id='word_1_337' title='bbox 928 4516 966 4563; x_wconf 76' lang='lat' dir='ltr'><strong>ati</strong></span> <span class='ocrx_word' id='word_1_338' title='bbox 974 4517 1058 4565; x_wconf 76' lang='lat' dir='ltr'><strong>morai</strong></span> <span class='ocrx_word' id='word_1_339' title='bbox 1068 4517 1121 4566; x_wconf 78' lang='lat' dir='ltr'><strong>iam</strong></span> <span class='ocrx_word' id='word_1_340' title='bbox 1134 4516 1171 4569; x_wconf 73' lang='lat' dir='ltr'><strong>aa</strong></span> <span class='ocrx_word' id='word_1_341' title='bbox 1179 4515 1229 4568; x_wconf 75' lang='lat' dir='ltr'><strong>Iri·</strong></span> 
     </span>
    </p>
   </div>
   <div class='ocr_carea' id='block_1_6' title="bbox 68 4581 584 4720">
    <p class='ocr_par' dir='ltr' id='par_1_20' title="bbox 68 4581 584 4720">
     <span class='ocr_line' id='line_1_42' title="bbox 68 4581 161 4634; baseline 0 -1"><span class='ocrx_word' id='word_1_342' title='bbox 68 4581 161 4634; x_wconf 73' lang='lat' dir='ltr'><strong>domm.</strong></span> 
     </span>
     <span class='ocr_line' id='line_1_43' title="bbox 117 4645 584 4720; baseline 0 -18"><span class='ocrx_word' id='word_1_343' title='bbox 117 4646 178 4720; x_wconf 87' lang='lat' dir='ltr'><strong>Cap.</strong></span> <span class='ocrx_word' id='word_1_344' title='bbox 189 4646 255 4703; x_wconf 77' lang='lat' dir='ltr'><strong>Lm.</strong></span> <span class='ocrx_word' id='word_1_345' title='bbox 269 4677 302 4688; x_wconf 91' lang='lat'>-</span> <span class='ocrx_word' id='word_1_346' title='bbox 326 4647 346 4700; x_wconf 90' lang='lat' dir='ltr'><strong>l.</strong></span> <span class='ocrx_word' id='word_1_347' title='bbox 367 4647 445 4717; x_wconf 73' lang='lat' dir='ltr'><strong>Vulpo</strong></span> <span class='ocrx_word' id='word_1_348' title='bbox 457 4645 584 4702; x_wconf 84' lang='lat' dir='ltr'><strong>Smirnae.</strong></span> 
     </span>
    </p>
   </div>
   <div class='ocr_carea' id='block_1_7' title="bbox 0 0 1528 5124">
    <p class='ocr_par' dir='ltr' id='par_1_21' title="bbox 0 0 1528 5124">
     <span class='ocr_line' id='line_1_44' title="bbox 0 0 1528 5124; baseline 0 0"><span class='ocrx_word' id='word_1_349' title='bbox 0 0 1528 5124; x_wconf 95' lang='lat' dir='ltr'><strong> </strong></span> 
     </span>
    </p>
   </div>
  </div>
 </body>
</html>
