3046 5124
281 335 344 399 320
817 334 903 376 uuum

281 509 337 574 per
352 488 470 574 scripta
480 488 663 573 Hieronymi
679 496 710 554 et
724 489 891 573 Augustini
903 493 979 554 satis
991 490 1177 575 abundeque
1189 490 1441 573 confirmataost,

282 591 409 675 quidam
430 591 572 656 infelices
596 613 634 655 ex
657 592 706 656 his
728 591 894 656 medicinis
916 594 1069 657 infirmari
1090 598 1262 679 coeperunt
1284 600 1318 657 et
1339 601 1443 658 contra

283 695 438 759 orationes
455 701 486 758 et
501 694 584 759 bona
599 715 693 779 opera
708 695 922 779 disputantes,
937 696 1012 761 dum
1027 696 1122 761 nimis
1136 696 1256 761 nudam
1270 697 1442 783 praedesti·

281 799 440 861 nationem
454 799 663 861 irreverenter
676 795 872 882 praedicant,
891 798 1175 863 Praedestinatiani
1195 806 1272 864 sunt
1286 798 1442 885 appellati.

144 931 195 981 Car·
209 931 263 971 ΒΝ-
343 918 521 983 Nestoriani
536 938 555 980 a
568 917 712 982 Nestorio
729 916 1074 1003 Constantinopolitano
1090 918 1238 1005 episcopo
1259 921 1444 1005 nuncupati,

282 1024 335 1105 qui
349 1022 474 1086 beatam
488 1019 643 1103 virginem
658 1041 721 1084 non
736 1019 798 1100 dei,
814 1019 869 1084 sed
884 1017 1030 1102 hominis,
1045 1024 1180 1085 asseruit
1193 1024 1398 1105 genitricem,
1411 1028 1444 1087 nt

282 1125 375 1188 aliam
390 1144 556 1208 persenam
571 1123 686 1204 earnis,
700 1121 795 1185 aliam
809 1122 926 1186 faceret
938 1122 1072 1187 deitatis.
1094 1123 1158 1188 Noc
1175 1145 1274 1188 unum
1287 1124 1443 1189 Christum

280 1230 314 1291 in
329 1227 423 1291 verbo
440 1225 491 1290 dei
506 1224 648 1306 eredidit,
663 1223 720 1288 sed
734 1224 903 1309 separatim
914 1230 1007 1309 atque
1019 1228 1186 1290 seiunctim
1197 1225 1336 1292 alterum
1346 1226 1443 1293 lilium

282 1329 343 1410 dei,
358 1326 492 1392 alterurn
506 1327 643 1392 hominis
657 1326 861 1412 praedicavit.
885 1327 1000 1392 Contra
1009 1327 1093 1392 huno
1109 1328 1321 1413 ¹seripserant
1332 1332 1442 1395 etuni-

281 1431 400 1497 versale
427 1430 594 1495 concilium
622 1429 815 1515 Ephesinum
838 1428 1030 1514 collegerunt
1051 1429 1246 1496 Caelestinus
1268 1432 1390 1498 Romae
1413 1438 1444 1496 et

281 1533 414 1619 Cyrillus
429 1534 570 1618 pontifex
584 1531 803 1597 Alexandriae.

156 1668 206 1719 tur·
219 1666 264 1709 hv·
344 1652 548 1738 ¹Eutychiani
568 1651 644 1716 dieti
666 1651 706 1716 ab
720 1650 860 1734 Eutyche
876 1651 1221 1738 Constantinopolitano
1242 1652 1375 1737 abbate,
1392 1656 1442 1739 qui

280 1757 486 1822 Nestorianos
502 1757 654 1838 corrigere
669 1754 778 1819 volens
794 1754 953 1820 Christum
970 1761 1042 1841 post
1062 1755 1233 1823 humanam
1253 1760 1441 1843 assumptio·

280 1881 354 1923 nem
368 1860 494 1941 negavit
508 1859 642 1921 existere
655 1856 775 1922 duabus
786 1856 918 1939 naturis,
934 1856 989 1922 sed
1001 1857 1098 1922 solam
1109 1860 1143 1922 in
1154 1879 1190 1923 eo
1203 1856 1346 1925 divinam
1357 1879 1440 1925 asae·

280 1965 343 2027 ruit
357 1982 426 2026 esse
442 1969 595 2025 naturam.
625 1960 740 2025 Contra
753 1960 837 2024 hune
851 1979 936 2045 papa
949 1959 1011 2024 Leo
1026 1960 1156 2043 Magnus
1171 1962 1293 2048 scripta
1306 1960 1440 2048 promul·

280 2067 364 2148 gavit
387 2070 419 2128 at
441 2063 595 2148 synodum
621 2061 830 2128 universalem
855 2061 939 2148 apud
965 2062 1196 2128 Chalcedonam
1222 2071 1440 2131 sexcentorum

278 2167 363 2232 XXX
377 2173 501 2252 patrum
517 2165 725 2250 congregavit.

141 2285 191 2336 ⁰²⁹·
205 2285 260 2326 ffl-
341 2286 508 2372 Aeephali,
528 2288 624 2350 trium
642 2284 944 2351 Chalcedonensium
970 2284 1176 2370 capitulorum
1195 2288 1437 2374 impugnatores,

279 2390 411 2455 duarum
426 2391 459 2453 in
475 2388 598 2453 Christo
614 2387 861 2452 substantiarum
874 2390 1098 2472 proprietatem
1112 2394 1240 2472 negant,
1255 2395 1289 2454 et
1303 2390 1437 2456 unamin

278 2496 344 2558 eius
365 2512 500 2577 persona
518 2496 662 2554 naturam
676 2489 870 2574 praedicant.
898 2488 1013 2554 Contra
1026 2490 1084 2556 hos
1098 2491 1187 2556 misit
1200 2492 1369 2577 epistolam
1382 2494 1437 2559 Pe·

277 2597 377 2681 lagius
386 2616 477 2681 papa,
493 2595 603 2678 ¹qnam
611 2591 743 2656 dictavit
751 2592 860 2657 beatus
870 2592 1046 2677 Gregorius,
1058 2614 1220 2658 successor
1228 2596 1298 2661 eius
1309 2596 1436 2661 futurus.

129 2731 179 2782 Ono·
193 2731 259 2772 hvn-
342 2714 551 2781 Theodosiani
572 2718 604 2776 et
625 2713 807 2777 ¹Gaianitae
828 2711 979 2797 appellati
1002 2734 1021 2777 a
1042 2712 1216 2779 Theodosio
1239 2719 1272 2779 et
1293 2712 1437 2799 ’Gaiana

279 2822 332 2904 qui
346 2817 539 2904 temporibus
559 2816 725 2880 Iustiniani
744 2814 897 2901 principis
916 2816 951 2879 iu
965 2815 1157 2881 Alexandria
1175 2816 1284 2902 populi
1303 2818 1437 2903 perversi

279 2920 431 2986 electione
452 2942 513 2986 uno
535 2919 586 2984 die
607 2923 680 2982 sunt
702 2917 836 2982 ordinati
851 2916 1000 3004 episcopi.
1037 2918 1078 2984 lli
1093 2940 1212 2984 errores
1227 2918 1437 3004 ³llutyohiaet

277 3024 419 3088 Dioscuri
435 3027 604 3106 sequentes
620 3018 875 3085 Chalcedonense
890 3020 1058 3086 eonoihum
1073 3028 1240 3106 respuunt,
1260 3042 1300 3086 ex
1320 3021 1436 3089 duabus

278 3126 398 3190 naturis
417 3146 513 3189 unam
531 3124 567 3188 in
582 3123 704 3188 Christo
724 3128 884 3206 asserunt,
907 3144 1000 3209 quam
1020 3122 1230 3190 Theodosiani
1250 3131 1436 3213 corruptam,

280 3227 441 3294 Gaianitae
456 3229 668 3311 incorruptam
684 3225 887 3291 contendunt.

118 3350 168 3400 cip.
182 3349 260 3389 ivrrr.
342 3329 511 3414 ¹Agnoitae
528 3334 560 3391 ot
575 3327 746 3393 Tritheitae
762 3327 1022 3394 aTheodosianis
1037 3330 1136 3394 exorti
1150 3335 1234 3394 sunt
1263 3328 1313 3395 le
1327 3330 1437 3416 quibus

278 3435 430 3518 Agnoitae
446 3432 485 3496 ab
501 3430 676 3514 ignorantia
691 3430 778 3513 dieti,
794 3432 866 3514 quia
879 3431 1078 3517 perversitati
1093 3452 1112 3496 a
1127 3452 1189 3517 qua
1202 3434 1305 3499 exorti
1320 3432 1437 3499 suntid

278 3537 444 3618 adiiciunt,
465 3535 547 3620 quod
568 3532 716 3599 divinitas
739 3532 853 3598 Christi
873 3534 997 3618 ignoret
1015 3534 1120 3599 futura
1139 3554 1219 3618 quae
1235 3542 1312 3601 sunt
1325 3538 1439 3625 scripta

279 3641 317 3706 do
341 3640 390 3705 die
413 3646 446 3704 et
469 3639 546 3703 hora
567 3636 754 3718 novissima,
776 3657 839 3701 non
861 3636 1059 3703 recordantes
1080 3635 1197 3702 Christi
1218 3640 1436 3723 personamiu

277 3743 370 3808 Esaia
383 3741 552 3827 loquentis,
566 3739 641 3804 Dies
656 3738 764 3803 iudicii
779 3738 813 3803 in
829 3740 920 3805 eorde
935 3761 1016 3805 meo.
1044 3738 1235 3807 ²Tritheitae
1249 3761 1326 3808 vero
1340 3744 1437 3809 vocati

279 3846 360 3930 quod
376 3849 458 3911 sient
472 3853 538 3909 tres
552 3862 704 3929 personas
718 3843 752 3904 in
767 3841 917 3926 trinitate,
930 3845 976 3908 ita
990 3863 1112 3929 qnoque
1127 3850 1191 3909 tres
1207 3843 1283 3911 deos
1297 3851 1439 3913 astruunt

279 3969 363 4031 esse,
384 3954 493 4014 eontra
511 3946 590 4012 illud
610 3943 693 4030 quod
708 3946 861 4030 seriptum
882 3952 946 4029 est,
965 3946 1047 4012 Audi
1062 3944 1176 4030 lsratl,
1195 3945 1344 4015 dominus
1365 3948 1437 4016 deut

278 4071 359 4115 unus
374 4057 432 4115 est.

144 4154 194 4203 ⁰⁸⁹·
207 4155 259 4196 ffl-
340 4155 367 4218 A
383 4153 546 4219 Theodoro
561 4153 782 4240 Mopsuesteno
798 4153 955 4239 episcopo,
971 4154 1023 4237 qui
1036 4151 1162 4218 dicebat
1172 4152 1299 4221 beatam
1309 4152 1436 4222 Mariam

344 4338 405 4409 Cap.
416 4339 480 4393 LIV.
491 4370 524 4380 -
544 4340 566 4395 l.
580 4340 719 4410 scripserat
731 4342 804 4393 codd.

344 4406 405 4476 Cap.
416 4407 469 4460 LV.
481 4438 514 4449 ·-
534 4409 556 4461 l.
572 4409 700 4462 Eutieiani
713 4409 775 4462 dieti
786 4409 820 4461 ab
831 4408 916 4463 eutice
927 4410 1001 4463 codd.

345 4475 407 4545 Cap.
419 4475 483 4529 LVI.
495 4508 528 4518 -
548 4477 570 4529 l.
582 4493 635 4547 qua
646 4480 720 4530 codd.

345 4545 407 4614 Cap.
419 4544 493 4596 LVll.
506 4574 539 4584 -
559 4546 581 4598 l.
593 4547 734 4614 gayonitao
747 4547 820 4600 codd.
872 4545 896 4598 2.
909 4563 1013 4616 gayono
1026 4547 1097 4600 codd.
1148 4544 1175 4599 3.
1186 4545 1314 4616 eutycetis
1324 4552 1397 4603 codd

251 4652 255 4659 .
346 4612 407 4683 Cap.
419 4612 506 4667 LVlll.
519 4642 552 4652 -·
572 4613 593 4668 1.
605 4614 746 4683 Agnonyte
758 4620 785 4668 et
794 4613 909 4668 triothite
922 4618 995 4670 codd.
1046 4615 1071 4668 2.
1081 4614 1191 4671 urioute
1201 4616 1276 4671 codd.
