3046 5124
539 361 578 402 DE
590 360 766 404 neenesmus
778 360 870 402 nmen,
1242 360 1282 426 33

126 514 268 581 ascendit
287 517 320 579 in
341 515 471 582 caelum.
504 518 547 582 At
566 518 612 583 illi
633 518 741 604 cupidi
758 521 856 603 ipsius
877 516 1003 580 luminis
1023 515 1116 580 lacti⁰
1134 516 1283 579 virtutem

126 619 192 681 eius
203 618 309 682 vidoro
322 619 505 704 cupiebant3
517 640 579 686 non
587 621 801 707 praevalentes
809 626 914 684 antem
925 619 965 684 ad
976 620 1111 683 invicem
1122 617 1281 682 dixeruntz

125 719 295 784 Faciamus
310 721 461 786 bominem
471 726 641 790 secuudum
650 726 816 808 imopineut
830 733 859 786 ct
868 723 1100 786 simulitudinem
1113 720 1281 786 noctramf.

126 822 165 885 Et
178 823 260 887 facto
276 823 418 906 homine,
439 828 512 909 qnia
526 829 680 912 impotens
696 832 778 907 erat,
799 825 912 889 salvari
927 846 990 889 non
1004 825 1132 909 potuitss.
1165 822 1283 888 Videns

126 927 229 1009 itaque
240 929 339 991 virtus
352 948 486 1019 superna
498 929 580 1013 quod
595 929 641 993 illi
656 929 714 994 hoc
730 928 897 1009 decerunt,
911 928 998 990 misit
1013 926 1192 1008 scintillam,
1204 947 1283 1011 quac

126 1031 260 1093 correxit
280 1028 439 1094 hominem
461 1039 493 1095 et
514 1034 677 1105 suscitavit
700 1031 827 1095 etfacit
848 1029 938 1093 ⁶eum
959 1030 1074 1094 vivere.
1107 1029 1283 1094 Scintillam

125 1133 229 1215 itaque
240 1131 349 1196 volunt
360 1132 472 1197 salvari
479 1134 503 1215 l,
517 1134 597 1198 ⁷alia
611 1141 715 1197 autem
730 1133 897 1198 virtutibus
911 1131 974 1195 illis
987 1151 1064 1215 qnae
1079 1132 1220 1195 fecerunt
1234 1131 1282 1196 di·

124 1236 207 1297 mitti
222 1256 258 1297 ac
274 1234 447 1320 derelinqui
462 1238 668 1321 suspicantur.
698 1235 855 1300 Christum
870 1240 974 1299 autem
988 1232 1207 1298 umbratiliter¹
1226 1256 1283 1320 ep·

124 1339 265 1420 paruisse
278 1338 448 1420 affirmant,
459 1359 524 1403 non
535 1359 660 1404 carnem
671 1338 805 1403 hominis
817 1356 923 1401 veram
932 1339 1106 1400 otanimam
1114 1339 1283 1422 accepisse,

125 1445 217 1522 atque
233 1459 357 1504 omnem
371 1440 604 1507 oeconomiamk
619 1442 761 1524 mysterii
775 1439 997 1506 salvatoris-ita
1012 1439 1211 1525 8οοιιιρΙοιιιιο.
1263 1436 1265 1441 ⁴

210 1541 407 1625 ¹Basilides⁸‚
427 1547 481 1629 qui
501 1551 533 1608 et
547 1544 797 1609 haeresiarchesb
818 1542 932 1607 dicitur
952 1563 971 1606 a
989 1541 1112 1626 multis,
1132 1541 1224 1627 2quia
1244 1542 1283 1609 de
1300 1538 1350 1590 ⁰¹⁹·
1364 1534 1450 1581 mu·

191 1676 215 1729 5.
232 1678 349 1731 fecerant
359 1678 393 1730 Α.
418 1678 442 1732 6.
455 1679 524 1732 enim
538 1695 559 1732 c.
584 1679 608 1732 7.
621 1679 700 1733 aliam
712 1679 746 1731 Α.
770 1678 793 1730 8.
806 1678 977 1748 complevisse
990 1677 1040 1730 Ab.

124 1813 169 1884 qui
181 1745 377 1885 iablffil'
388 1751 416 1798 in
429 1747 509 1800 Bate.
521 1751 670 1818 inacceptum
682 1746 916 1802 tadetBasrnrors.
926 1776 959 1788 -
979 1745 1000 1799 1.
1012 1745 1075 1800 Post
1082 1746 1146 1801 istos
1155 1745 1282 1802 Basilides

123 1968 169 2002 πον
191 1952 345 2017 πεποιηκέναι
367 1950 429 2005 κατὰ
450 1951 493 2019 τὴν
517 1951 611 2073 poppis
634 1956 677 2006 τοῦ
730 1952 871 2023 δνναριένου,
881 1949 945 2004 ἀλλὰ
954 1951 1082 2019 σκώληκος
1092 1952 1159 2020 δίκην
1169 1949 1283 2024 {parlim-

124 2017 213 2071 ἄνωθεν
225 2019 517 2091 παρακύψαντοςρωτός.’
554 2023 678 2092 talegen·
729 2039 784 2089 τος,
806 2019 957 2090 οἰκτείρασα,
979 2021 1099 2089 ρηοὶῌ]
1121 2021 1171 2073 ieta
1183 2023 1282 2092 δύναμις

123 2090 185 2140 dum
193 2107 239 2157 pro
248 2092 290 2155 τῆς
300 2084 390 2140 ἄνωθεν
399 2089 575 2160 παρακυψάοης
588 2094 676 2158 φωνῆς.
729 2093 793 2156 ζωῆς
807 2090 924 2158 σπινθῆρα
936 2088 1094 2159 κατέπεμψεν,
1106 2089 1146 2140 καὶ
1155 2090 1197 2140 τὀν
1209 2087 1282 2159 ἀτελῆ

122 2157 205 2210 Nemo
217 2158 260 2210 eui
269 2163 368 2210 veteres
381 2158 481 2211 eodicm
496 2159 605 2228 inspecti
617 2165 678 2211 sunt
729 2155 772 2210 cist
789 2160 857 2210 ὼπον
869 2156 1087 2225 έτελεοιούργηοε.”
1121 2157 1178 2223 (F.)

123 2227 239 2293 ignorat,
261 2227 456 2279 terminationes
479 2242 573 2280 vocum
595 2226 678 2280 solere
773 2177 798 2278 i
815 2226 959 2278 Scintillam
975 2225 1271 2305 itaquevoluntsalrari

124 2295 235 2364 exprimi
243 2310 289 2362 per
297 2294 426 2347 scribendi
435 2311 493 2347 com
528 2294 677 2359 ndia‚unde
728 2294 875 2346 Scintillam
886 2293 1000 2345 animam
1021 2292 1137 2362 intellige
1154 2310 1232 2362 quam
1285 2316 1288 2325 ·

103 2412 106 2419 ,
124 2379 176 2415 non
188 2363 283 2414 mirum
293 2362 481 2415 admissatalsa
499 2363 599 2416 actione
608 2363 679 2415 vocis
731 2363 807 2414 deum
818 2362 900 2414 redire
913 2361 1022 2413 docebat
1039 2361 1206 2426 Saturninus,
1224 2363 1282 2415 reli·

124 2433 205 2498 φωνῆς
221 2447 268 2499 pro
287 2429 368 2498 φωτὸς
389 2431 468 2482 etiam
488 2436 617 2484 mutatum
635 2434 679 2481 τοῦ
731 2428 932 2499 quumbominis
941 2429 1084 2482 interireae
1096 2429 1282 2484 dissolvii'er·

123 2500 150 2550 in
162 2502 204 2564 τῆς
216 2505 243 2551 et
254 2496 441 2568 περικόψαντας
454 2500 481 2552 in
493 2495 677 2567 παρακυψάοης.
730 2499 785 2550 tull.
796 2499 1187 2560 „eaiaslameniiiudetot'rtutem
1196 2504 1282 2551 κιίοεν-

124 2567 231 2633 (Futr.)
487 2566 490 2575 ’
730 2567 1283 2636 tantitalegepromisericordiumleciotil-

144 2653 166 2689 e.
181 2633 612 2706 facti]ldemEpipbenlusrssnerbb
623 2633 678 2723 γὰρ,
730 2638 782 2687 lom
792 2638 891 2687 sulcam
904 2636 1061 2698 eaecitatem
1072 2634 1280 2705 homiuespmire.

141 2704 203 2772 nala,
220 2700 310 2755 ἄνωθεν
331 2703 359 2755 rb
380 2701 440 2756 αὐτὸ
461 2707 513 2773 ρῶς
533 2702 679 2774 παρακοψαν
731 2704 945 2755 Resurrectionem
963 2707 1051 2755 curnis
1067 2704 1133 2755 nullo
1149 2707 1221 2757 modo
1236 2709 1281 2775 su·

123 2723 247 2843 έριθιομόν
260 2789 312 2824 τινα
320 2770 442 2838 ἐνεποίησε
454 2775 504 2832 τοῖς
514 2771 596 2832 αὐτοῖς
605 2770 679 2842 ἀγγέ-
729 2782 812 2824 taram
828 2772 903 2824 esee.”
937 2771 994 2836 (F.)

123 2841 187 2909 iou,
200 2842 300 2901 τούτους
318 2840 379 2910 προς
390 2841 467 2892 πόθον
484 2845 529 2892 τοῦ
545 2837 678 2911 ἄνανδροι·
762 2842 779 2893 i.
797 2841 978 2906 umbratiliter]
996 2837 1064 2891 Κατὰ
1078 2840 1185 2911 δόκησιν,
1197 2840 1281 2913 etpu-

124 2911 222 3030 ρὸρριτος
247 2907 467 3042 ἐπιριίριρῇραρέτοῦ
497 2907 625 2978 ἀνθρώπου
648 2909 677 2960 rb
728 2908 1131 3029 mfivgeffgriuu'ssgkzmffl?
1140 2911 1282 3030 mtettuptia

133 3017 139 3030 ι
159 2996 394 3100 έῗζῗιέτίἵέέοέέοοιο
404 2983 534 3113 udinem]
560 3046 616 3099 Nisi
631 3063 676 3099 vo·
728 2981 1087 3165 iiipqaaessdidm'peiefi
1103 2997 1218 3099 iddilradg
1234 2999 1281 3101 gi·

123 3114 676 3183 eabulnmocstrcmadditnmestutinqui·
727 3113 970 3178 turnmolrenaens,
1003 3111 1150 3183 piphanins,
1165 3114 1280 3170 Theodo-

123 3185 232 3237 busdam
241 3184 340 3237 lrenaei
348 3183 480 3237 codicibus
490 3181 677 3236 etheodoreti
727 3188 798 3235 retus
810 3188 835 3234 et
847 3182 899 3234 alii.
933 3181 992 3247 (F.)
1213 3195 1215 3200 ’

123 3254 156 3306 ab
173 3254 259 3306 aliena
275 3268 367 3315 manu,
384 3250 510 3304 Philaster
527 3252 622 3304 erravit
650 3251 677 3303 ui
766 3249 791 3303 lr.
815 3266 918 3303 omnem
945 3251 1134 3319 oeconomiam]
1160 3251 1280 3306 Incarna·

122 3322 171 3375 hoc
186 3321 315 3374 adiunxit.
343 3319 410 3373 Nem
427 3319 582 3373 Saturninus
597 3336 642 3371 rer
661 3335 677 3371 a
727 3319 824 3371 tionem
836 3325 863 3371 et
874 3334 1044 3388 quaecunque
1053 3317 1167 3373 Christus
1177 3322 1219 3374 vel
1227 3323 1282 3392 egit

123 3391 164 3442 dei
176 3390 270 3443 Genea.
282 3389 301 3441 1.
314 3389 354 3441 26.
366 3389 404 3441 ita
419 3388 509 3441 tribuit
517 3388 631 3457 angelis,
648 3393 679 3440 ut
727 3388 768 3440 vel
779 3402 873 3457 passus
885 3393 925 3439 est
937 3388 1131 3452 uceticensem
1144 3387 1193 3441 hoc
1205 3406 1279 3444 oeco-

123 3464 247 3511 statueret
262 3474 308 3511 eos
324 3456 456 3521 hominem
475 3474 528 3509 non
544 3456 577 3509 ad
593 3472 676 3520 suam,
727 3456 830 3508 nomiae
841 3457 968 3508 vocabulo
979 3462 1078 3509 veteres
1090 3458 1227 3538 scriptores
1238 3476 1279 3511 so-

123 3527 168 3578 sed
180 3527 212 3580 ad
224 3527 290 3579 lucis
301 3527 371 3578 illius
384 3531 410 3578 et
426 3541 561 3606 supremae
573 3525 676 3597 virtutis
726 3525 781 3577 lent
792 3525 934 3644 complecti.
950 3525 1014 3576 Vide
1026 3524 1056 3577 B.
1065 3524 1096 3578 D.
1108 3525 1280 3580 ElraeVeielii

123 3595 264 3663 imaginem
287 3594 443 3658 condidisse,
464 3599 552 3663 itaquo
575 3598 676 3645 tantum
726 3597 752 3644 ot
771 3592 807 3645 Io.
823 3592 843 3645 P
860 3592 934 3662 ilippi
955 3591 1060 3645 Pieiieri
1078 3593 1224 3662 singulares
1247 3594 1279 3645 de

124 3663 238 3731 scripsit:
267 3659 540 3732 rordoopescistlpouea
550 3661 603 3712 κατ’
613 3659 663 3712 elad
726 3659 775 3713 hac
786 3677 850 3713 voce
861 3660 1062 3713 dissertationes.
1090 3661 1189 3714 Ducaei
1202 3667 1278 3714 notas

125 3748 154 3781 να
166 3729 206 3780 καὶ
217 3703 271 3780 aai’
284 3726 428 3800 ὑμοίωοιν,”
445 3737 471 3782 et
482 3729 599 3810 ἡμετέραν
612 3730 676 3782 omi·
727 3729 759 3780 ad
771 3728 902 3798 chrysost
914 3729 943 3781 T.
952 3728 1018 3782 VIII.
1030 3729 1109 3782 Savil.
1119 3746 1146 3810 p.
1155 3728 1213 3782 372.
1231 3728 1279 3782 Ga·

125 3799 166 3863 sit,
178 3804 208 3849 ut
219 3797 605 3880 disertstestaturllpipbamus.
617 3799 675 3862 (F.)
726 3799 873 3851 sanbonum
895 3797 928 3849 ad
947 3797 1058 3865 Nysseni
1077 3797 1158 3916 Eprst.
1177 3814 1202 3866 p.
1223 3796 1278 3850 lOb.

164 3882 190 3953 g.
208 3866 304 3918 salvari
321 3884 373 3920 non
408 3870 484 3936 otmt]
501 3867 549 3938 spi
568 3865 674 3919 hanins:
726 3864 959 3919 VulcaninmadG
979 3866 1026 3918 rill.
1058 3865 1091 3917 .1
1111 3865 1134 3916 6.
1153 3864 1279 3918 (trabium

126 3936 181 4002 „bra
193 3933 221 3985 rb
235 3932 315 3984 αὐτῶν
327 3931 387 4052 pipp
419 3936 464 4003 aa)
477 3884 575 4005 alipedi
589 3933 677 4054 pipili-
728 3934 906 3992 &benacum
936 3883 1012 3986 dli.
1037 3881 1159 3985 dareta.
1176 3934 1209 3985 ad
1226 3935 1279 3987 An·

124 4000 328 4056 sectandumve
346 4018 373 4053 ιο
392 4007 485 4072 ορῆοαι,
498 4003 616 4055 κεἰοθαιὸ
637 4002 677 4055 καὶ
726 4004 844 4056 tonitrum
866 4019 892 4073 p.
960 4041 966 4054 .
993 3999 1153 4054 Thesamum
1179 4001 1279 4058 Salaeni

124 4072 243 4142 οκαρίζειν
255 4068 335 4141 χαμαὶ
346 4020 525 4138 redemti'etc.
541 4071 676 4125 Irenaeus:
726 4079 774 4125 etc.
809 4072 879 4136 (F.)-

126 4146 183 4210 „qui
194 4143 347 4208 samsucius
359 4149 434 4202 earet,
452 4149 477 4191 et
492 4159 541 4193 aaa
553 4144 678 4210 potuisset
760 4139 822 4210 (lap.¹
833 4137 946 4194 XXXlL
958 4167 992 4176 -
1003 4152 1027 4189 a.
1037 4137 1176 4208 Basilides]
1190 4139 1278 4193 Liceat

124 4215 190 4278 eripi
197 4211 301 4279 plumae
308 4216 415 4277 propter
425 4209 618 4261 inbecillitatem
631 4228 675 4262 aa·
725 4207 827 4261 mihiad
835 4205 1015 4260 illustrandam
1023 4206 1101 4259 istem
1108 4206 1277 4263 Basilidiano·

122 4282 246 4347 pelorum,
264 4280 424 4328 miserantem
436 4280 488 4327 eine
504 4279 610 4347 desuper
624 4282 675 4330 oir-
726 4293 784 4329 rum
795 4274 1040 4344 haeresimproierre
1048 4273 1173 4330 ineditam
1181 4279 1277 4332 summi

125 4345 210 4410 tutem,
231 4349 350 4415 quonium
369 4348 397 4396 in
417 4345 603 4398 siruditudiuem
624 4351 676 4398 eius
725 4342 1277 4416 VirillieolaiClaudiiPeiresckiiepismlam,

125 4425 188 4468 esset
202 4419 305 4484 jactas,
329 4415 439 4466 amedee
455 4415 592 4466 actualium
607 4418 676 4466 citae
727 4410 1275 4496 qnammibisuppeditatnrscodexepisto-

125 4503 188 4552 quue
205 4487 286 4536 erexit
301 4482 422 4534 torniuem
443 4489 468 4532 et
483 4484 634 4535 oraculam't
653 4493 679 4534 et
726 4483 810 4534 larum
824 4479 939 4532 eiusdem
956 4480 1091 4534 clarissimi
1103 4488 1223 4547 auctoris,
1242 4499 1276 4536 ex

124 4546 676 4637 cauerefecitff'Epiph.„iiocptvnor.’'Theo·
726 4547 882 4602 bibliotheca
906 4547 1108 4605 Eminentissimi
1133 4550 1276 4605 Cardinalie

125 4621 205 4674 doret.
219 4618 461 4690 ,τοῦδέπλασματος
472 4617 630 4688 rouecestre
642 4616 675 4689 μὴ
727 4616 827 4682 Quirini
839 4617 907 4673 bono
916 4617 1059 4675 litterarum
1066 4621 1134 4675 natis
1145 4619 1232 4676 Lettre
1241 4619 1276 4674 dn

1075 4703 1092 4757 3
