3046 5124
558 358 768 402 amuranus
1176 362 1238 428 239
1287 382 1292 390 ·

79 515 219 582 mtendit
232 515 310 582 dens
324 517 415 599 signa
432 518 600 599 umatum,
622 517 736 601 quibus
758 537 793 580 se
814 515 916 582 solum
937 514 1030 581 deum
1052 516 1238 583 ostenderet

76 616 329 704 acquiescentes
342 620 468 686 veritati
479 621 607 704 recepit,
622 619 845 685 dissentientes
855 638 928 685 vero
939 624 1067 685 aeterna
1076 618 1238 686 abomina-

76 722 164 787 tione
177 723 311 808 punivit.

138 824 250 892 Prima
264 830 296 890 et
308 828 459 891 vicesima
471 826 610 891 haeresis
626 847 645 890 a
658 825 816 890 Marcione
830 831 899 891 orte
912 831 970 891 est.
1002 825 1071 891 Duo
1085 828 1241 912 principia
1258 840 1308 893 cre
1321 839 1377 882 ¹¹1·

76 926 177 995 mise
192 930 358 995 confimat
370 929 446 994 boni
460 934 492 992 et
505 928 589 992 mali.
618 928 718 1006 Quem
731 927 925 1014 Epiphanius
940 931 1000 994 tria
1014 928 1139 994 dicebat
1152 931 1240 1015 prin·

76 1030 163 1119 cipis
177 1030 333 1114 docuisse,
347 1031 434 1113 boni,
449 1033 534 1113 insti,
549 1037 581 1095 et
593 1033 697 1116 previ:
714 1030 770 1095 sed
783 1031 937 1096 Eusebius
953 1030 1126 1115 ¹Synerum
1140 1051 1239 1116 quen·

77 1132 164 1217 dam,
177 1154 244 1200 non
257 1135 464 1215 Marcionem,
478 1136 573 1199 trium
588 1135 814 1220 principiorum
827 1141 922 1219 atque
936 1139 1119 1199 naturarum
1132 1135 1241 1201 scribit

76 1242 249 1303 auctorem.
281 1234 517 1319 'Marcionitae,
537 1256 609 1301 cum
623 1237 833 1302 universalem
847 1236 977 1302 orientis
992 1237 1159 1303 ecclesiam
1172 1258 1239 1301 ma·

76 1337 232 1423 eularent,
245 1339 286 1405 ab
301 1338 434 1422 Origene
448 1339 597 1425 superati,
611 1340 763 1405 confutati
778 1347 810 1404 et
823 1360 880 1427 per
894 1340 1031 1423 singulas
1046 1348 1120 1405 sunt
1130 1341 1240 1406 eivita-

75 1448 127 1509 Μ
142 1440 294 1508 damnmi
323 1443 403 1507 Item
417 1448 490 1528 post
503 1442 680 1526 aliquantos
695 1463 794 1507 annos
810 1445 873 1507 iam
889 1443 1002 1508 deuicti
1017 1450 1111 1528 atque
1126 1442 1242 1508 detecti

75 1544 286 1611 inAfricenis
299 1545 440 1631 partibus
459 1544 670 1630 pullulabant3
694 1566 772 1631 quos
786 1545 998 1611 Tertullianus
1018 1546 1119 1611 modis
1139 1548 1240 1612 omni·

77 1647 137 1714 bus
151 1650 198 1714 ita
212 1648 360 1730 obtinuit,
372 1654 409 1712 ut
422 1650 508 1734 ipsos
523 1648 641 1714 faceret
655 1656 763 1714 contra
778 1656 896 1715 sectam
911 1669 1000 1714 suam
1010 1649 1134 1735 publice
1148 1670 1240 1735 prae·

77 1750 194 1818 dicare

139 1854 301 1919 vicesima
315 1854 454 1919 secunda
467 1853 606 1919 haeresis
620 1855 830 1940 Apellitarum
850 1861 914 1938 est,
934 1875 1065 1939 quorum
1085 1862 1135 1920 est
1151 1856 1240 1941 prin·
1258 1866 1309 1920 car·
1323 1867 1389 1909 ¹¹11·

77 1977 154 2045 ceps
168 1955 313 2043 Apelles,
332 1958 386 2041 qni
407 1956 484 2021 duos
505 1957 632 2042 quidem
648 1958 817 2022 introducit
832 1957 924 2040 deos,
944 1959 1112 2023 sedunum
1126 1958 1241 2024 fatetur

75 2060 284 2149 principium,
298 2058 358 2124 hoc
373 2064 423 2123 est
437 2058 585 2143 ¹bonum,
604 2066 637 2124 et
650 2060 690 2125 ab
705 2062 774 2146 ipso
789 2061 908 2125 factum
922 2061 1068 2144 alterum,
1088 2061 1122 2126 id
1137 2067 1186 2125 est
1200 2062 1239 2126 ab

75 2164 148 2251 ipso
160 2182 225 2227 uno
239 2163 395 2248 principio
410 2162 543 2252 alterum
557 2163 676 2228 factum
690 2170 749 2227 est.
783 2163 871 2241 Quod
887 2184 959 2228 cum
972 2164 1144 2246 malignum
1158 2169 1242 2227 esset

76 2267 258 2347 iuvenum,
278 2287 297 2328 a
314 2265 397 2330 bono
417 2266 576 2331 abiectum
596 2272 658 2344 eet3
681 2267 839 2330 abiectum
858 2287 932 2332 vero
951 2288 970 2330 e
989 2267 1071 2331 bono
1086 2268 1239 2353 principio

75 2366 137 2435 hoc
151 2368 357 2453 principium,
378 2368 461 2452 quod
475 2368 707 2451 malignabatur
720 2375 828 2435 contra
848 2368 921 2434 boni
935 2371 1082 2454 principii
1096 2369 1239 2435 volunta·

75 2477 152 2554 mm,
166 2472 201 2536 in
216 2491 273 2536 sua
291 2471 485 2554 malignitate
505 2471 659 2537 mundum
677 2472 762 2536 fecit.
799 2472 876 2536 Inde
897 2478 947 2536 est
965 2473 1048 2556 qnod
1068 2472 1108 2536 ad
1122 2472 1240 2539 malum

74 2594 135 2641 nos
148 2576 358 2660 promptiores
373 2595 468 2659 quam
482 2575 522 2639 ad
536 2576 654 2640 bonum
669 2582 780 2639 natura
795 2578 1005 2659 consequitur,
1020 2583 1051 2639 et
1060 2576 1132 2661 plus
1147 2578 1180 2640 in
1192 2576 1238 2641 vi·

75 2678 142 2762 tiis,
155 2679 275 2761 inquit,
291 2698 384 2762 quam
398 2677 433 2742 in
447 2677 617 2743 uirtutibus
633 2678 814 2744 delectetur.
850 2678 1019 2743 Dominum
1033 2685 1176 2743 nostrum
1189 2680 1238 2744 Ie-

76 2800 151 2847 aum
165 2779 326 2845 Christum
340 2780 492 2846 adserunt
507 2801 632 2846 carnem
643 2803 682 2846 ex
693 2782 857 2846 elementis
870 2782 1056 2866 suscepisse,
1071 2802 1164 2867 quam
1175 2785 1239 2848 adri

72 2882 216 2951 reddidit
230 2882 305 2948 dum
320 2884 513 2967 ascenderet,
530 2891 560 2948 et
575 2887 642 2948 sine
659 2906 695 2949 ee
710 2887 839 2949 intravit
853 2887 886 2950 in
902 2885 1030 2949 caelum.
1053 2886 1118 2950 Hos
1130 2885 1238 2970 Orige-

72 3006 132 3053 nes
146 2987 194 3052 ita
206 2987 343 3072 perfecte
359 2990 529 3073 superavit,
543 2994 579 3051 ut
593 3009 700 3053 eorum
716 3009 810 3053 causa
820 2988 1016 3072 periodeutes
1028 2989 1126 3071 fieret,
1141 2995 1174 3053 et
1183 3011 1239 3075 per

74 3089 216 3174 singulas
232 3110 371 3175 quasque
392 3091 485 3156 urbes
505 3112 562 3176 per
584 3095 736 3156 orientem
756 3090 857 3154 eundo
872 3092 1077 3176 praedicaret.
1112 3092 1152 3156 Et
1166 3096 1240 3177 quia

71 3193 317 3260 innumerabilia
337 3200 411 3258 sunt
430 3200 633 3258 tractatorum
653 3197 720 3258 eius
740 3193 913 3274 volumina,
932 3194 1082 3259 haeretici
1102 3197 1239 3281 superati
1321 3268 1325 3275 ,

71 3296 172 3364 libres
193 3297 321 3362 eiusad
341 3318 413 3361 suos
434 3296 543 3360 hbitus
563 3297 767 3361 callidissima
786 3300 1054 3380 argumentatione
1068 3305 1239 3380 mutarunt,

71 3406 110 3465 ut
122 3420 203 3485 quoa
217 3399 334 3465 vellent
349 3399 495 3484 decipere
511 3400 652 3464 dicerent
671 3403 717 3463 ita
731 3399 897 3482 Origenem
911 3404 977 3466 suis
992 3403 1239 3488 expositionibus

72 3501 236 3568 definisse.
258 3502 350 3568 Unde
364 3504 550 3587 quicumque
563 3524 662 3587 usque
674 3502 766 3568 hodie
780 3503 946 3587 Origenem
957 3505 1042 3588 legit,
1054 3508 1081 3570 si
1092 3506 1239 3591 prudenti

71 3624 147 3672 eum
160 3607 251 3670 novit
265 3608 449 3670 recitatione
465 3606 674 3689 distinguere,
695 3605 900 3691 deprehendit
921 3608 989 3673 loca
1010 3609 1050 3674 ab
1071 3608 1237 3672 haereticis

69 3708 240 3775 mwnlate.
271 3709 359 3786 Quod
374 3711 419 3772 ita
433 3729 503 3774 esse
519 3716 647 3775 sanctus
662 3709 863 3795 ²Pemphilus
878 3718 997 3794 martyr
1010 3713 1044 3776 in
1059 3721 1114 3776 'suo
1129 3710 1236 3795 apolo-

69 3814 174 3897 getico
188 3811 368 3877 declaravit.

134 3915 295 3981 Vicesima
309 3917 401 3979 tertie
415 3916 553 3981 haeresis
570 3917 835 3982 cerdonianorum
849 3940 869 3981 a
883 3916 1023 3981 Cerdone
1044 3916 1128 4001 cepit
1146 3938 1237 3982 exor·
1256 3942 1308 3993 esp.
1321 3942 1400 3983 xxm.

70 4018 176 4102 dium,
194 4020 248 4103 qui
267 4016 328 4083 duo
348 4022 504 4106 principia
523 4021 584 4085 sibi
604 4020 803 4085 adversantia
823 4019 1058 4103 dogmatizavit,
1083 4019 1236 4106 deumque

122 4180 186 4252 cap.
196 4178 273 4235 XXI.
286 4209 318 4219 -
334 4182 354 4233 l.
368 4180 499 4249 Syncrum
510 4181 565 4234 MS.
578 4183 660 4251 Aug„
672 4192 702 4235 ut
712 4192 736 4234 et
747 4185 818 4302 apud
828 4181 971 4234 Eusebium.
1009 4180 1073 4233 Vide
1088 4185 1125 4233 aie
1143 4182 1236 4236 Gotele-

71 4252 140 4303 νίκη
150 4252 188 4302 ad
199 4248 306 4303 Constit.
318 4251 433 4318 Apostol.
448 4251 490 4301 lib.
509 4249 556 4312 VJ,
569 4270 628 4321 cup.
641 4251 666 4304 8.
679 4261 728 4305 rect.
744 4252 756 4303 l
776 4290 792 4313 .‚
804 4259 828 4302 et
837 4249 957 4303 Huelr'um
973 4253 1002 4301 in
1017 4254 1083 4302 notis
1099 4253 1136 4303 ad
1150 4269 1236 4320 exege-

70 4317 260 4441 aedffiqssmfi
272 4326 328 4398 terp.
342 4317 654 4438 {Izapapifflfiallundl
672 4319 798 4388 Syrinum
813 4318 869 4371 MS.
880 4318 963 4381 Rana,
980 4327 1005 4370 et
1015 4320 1072 4372 cdd.
1083 4317 1159 4374 Sirm.
1173 4322 1235 4373 aar·

122 4454 161 4509 Ga
179 4402 371 4511 ,ΧΧΙείωιι-ΜΙΙδ
385 4405 589 4519 Verca'oohhh
600 4462 627 4510 et
638 4458 672 4511 ab
683 4458 741 4527 ipso
752 4456 851 4510 iactum
860 4457 979 4522 alterum,
991 4456 1017 4511 id
1026 4462 1066 4510 est
1075 4462 1167 4512 omrem
1180 4469 1238 4511 seor

70 4544 91 4577 a
104 4525 147 4578 θα
167 4525 253 4577 ando·
305 4524 329 4576 2.
342 4523 522 4592 Apoloqetr'cue
541 4524 711 4591 Ors'qem'amre
727 4535 816 4578 sarecto
833 4525 968 4594 Pamphilo
984 4531 1095 4595 martyri
1111 4533 1236 4581 asseritur

71 4594 106 4647 ob
118 4594 353 4656 decrescentia,
371 4601 421 4643 tum
432 4596 458 4644 r'o
486 4613 505 4645 a
517 4611 576 4715 cap.
589 4593 631 4646 43.
657 4594 716 4656 Qua
728 4597 760 4646 de
770 4612 800 4645 re
816 4595 881 4646 oliti
895 4595 1102 4663 eerdcscciorus,
1119 4600 1235 4649 minirum

70 4666 101 4714 ἐπ
110 4660 298 4731 Prdcpmm's
309 4663 348 4715 ad
358 4670 415 4717 ten.
427 4660 448 4715 Ι
474 4701 480 4714 .
493 4660 543 4715 Br‘b
555 4703 561 4716 .
573 4660 648 4716 Patr.
660 4680 719 4733 cop.
732 4662 756 4717 I.
768 4665 793 4729 ἕ.
805 4663 831 4719 4.
839 4681 905 4733 pay.
917 4664 943 4720 4.
962 4663 1101 4735 {Gallundl
