3046 5124
485 358 525 401 DE
537 356 715 400 eleusinus
728 357 819 399 tinne.
1173 360 1232 424 167

72 536 158 583 mere
173 520 267 601 atque
282 518 407 582 anobis
423 517 461 581 de
476 517 543 598 lege
560 521 591 579 et
606 515 766 601 prophetis
781 514 897 579 Christi
913 518 1064 599 mysteria
1081 512 1233 601 paulatim

70 640 254 705 agnosmre,
277 626 368 705 atque
391 622 421 682 in
438 623 504 683 eius
522 621 665 704 passione
688 618 855 684 caelestem
871 638 997 703 sperare
1013 621 1179 682 scientiam
1193 617 1232 682 de

68 720 137 807 lege
151 726 271 809 pariter
285 729 317 785 et
329 723 499 808 prophetis.

133 825 217 891 Sunt
228 825 354 909 quidam
367 825 505 908 legentes
519 827 568 888 ¹in
580 825 748 889 Zacharia⁸
763 825 845 909 quod
858 824 948 905 dicit,
966 822 1121 887 Ieiunium
1133 846 1232 909 pour·
1252 837 1303 888 Car·
1317 837 1407 879 vm

68 929 127 1009 til,
141 940 178 993 'et
189 932 343 993 Munium
358 931 462 1015 proiecti
466 938 477 965 ⁶
481 978 490 1008 ‚
511 940 540 991 et
553 931 705 991 ieiunium
718 927 874 1013 repatuit,
895 938 923 990 et
937 928 1088 989 ier-'unium
1104 928 1217 990 decimi
1221 938 1233 965 ⁶
1253 907 1317 959 (ΟΨ
1330 901 1418 949 cm)

68 1033 129 1096 en't
142 1033 253 1095 domui
267 1030 368 1094 [trau
387 1034 421 1094 iu
436 1032 656 1094 eaultotionene
675 1041 703 1094 et
720 1032 884 1115 perediam.
922 1028 1003 1106 Quid
1019 1050 1101 1111 ergo,
1117 1032 1143 1093 si
1163 1033 1233 1113 quis

69 1152 196 1199 omnem
211 1137 419 1218 septimanam
434 1134 567 1197 voluerit
581 1140 635 1196 out
649 1154 774 1196 menses
791 1135 927 1203 ieiunare
943 1131 1072 1212 multos,
1092 1134 1127 1194 in
1141 1153 1232 1215 prae·

68 1236 412 1303 iudiciumincursurns
424 1234 492 1299 est?
515 1236 616 1299 illisit.
640 1237 705 1299 lmo
715 1235 953 1320 potiuslaudem
965 1233 1232 1319 habehitamplio·

69 1360 150 1417 tem;
165 1346 203 1403 ut
213 1339 303 1403 multi
315 1339 499 1424 prophetae‘
515 1340 665 1419 iecerunt,
681 1346 712 1401 et
725 1341 796 1403 iusti
810 1337 952 1401 homines
964 1337 1102 1419 qrrotidie
1114 1338 1234 1401 faciunt

68 1442 206 1529 plurimi.
243 1442 305 1505 Sed
325 1463 396 1505 cum
412 1442 487 1507 dicit
502 1448 633 1525 quatuor
649 1445 778 1522 ieiunia,
800 1440 894 1503 veluti
915 1440 982 1502 dies
1002 1446 1134 1521 ‹pratuor
1156 1443 1232 1502 ieiu-

69 1545 191 1611 nandos
207 1544 362 1621 decernit,
386 1564 448 1609 non
471 1552 574 1607 antem
597 1545 687 1608 nobis
711 1544 789 1607 dixit
811 1550 864 1605 ant
885 1545 1003 1605 mensis
1027 1542 1156 1605 alicuius
1181 1551 1234 1605 ant

71 1651 156 1729 anui,
171 1647 228 1711 sed
244 1649 288 1712 sic
304 1647 446 1710 absolute
459 1647 659 1731 praedicavit,
674 1653 710 1709 nt
721 1648 870 1729 mysteria
881 1644 1125 1708 Christianitatis
1137 1644 1233 1729 ³ipsis

71 1756 203 1835 quatuor
215 1751 337 1815 ieiuniis
349 1753 492 1812 nuntiata
511 1770 776 1832 cognosceremus,
800 1746 885 1825 {Nam
900 1770 956 1832 per
971 1768 1088 1810 annum
1103 1755 1234 1830 quatuor

71 1854 186 1915 ieiunia
212 1854 245 1915 in
270 1852 424 1915 ecclesiae
449 1853 662 1932 celebrantur,
691 1854 721 1914 in
742 1852 842 1914 Natali
866 1851 1037 1935 primuml,
1064 1851 1178 1913 deinde
1203 1854 1231 1913 in

71 1952 214 2037 Paschel,
237 1958 362 2035 tertium
386 1958 417 2018 in
443 1955 656 2040 Epiphaniaffl,
679 1962 825 2038 quartum
847 1956 880 2017 iu
898 1954 1119 2017 t‘ontocostoe.
1152 1951 1233 2017 Nam

135 2166 199 2239 Gap.
217 2166 333 2221 CXLIX.
345 2173 372 2218 in
384 2169 439 2220 ube.
453 2172 507 2218 inst·
518 2172 534 2218 u'
553 2177 602 2218 tum
614 2167 691 2219 habet
709 2166 841 2221 Haemus
852 2182 887 2216 nr.
901 2181 1034 2217 zacusuta
1046 2180 1185 2218 tuoruum
1198 2181 1232 2217 us

72 2250 225 2291 uturum-
246 2236 345 2290 l.det.
397 2235 502 2306 &quod
542 2239 564 2289 b.
577 2254 629 2307 quo
643 2238 741 2305 reliqui.
792 2234 816 2287 3.
828 2235 910 2303 ipsius
923 2234 997 2297 (Ab.

71 2434 197 2556 capg-50.
213 2434 323 2523 ludaeos
340 2435 453 2504 appellat
471 2433 627 2498 „ineruditos
678 2450 744 2553 ‘linai
764 2432 959 2501 hierosolymae
985 2429 1132 2484 aeciderunt
1155 2430 1232 2483 mela.

740 2522 769 2553 Γ.

70 2508 130 2626 “ii
144 2510 307 2643 iiid'nunc
330 2572 483 2625 ludaeorum
507 2573 624 2625 docilitas
677 2506 825 2624 (ilhrhlti
846 2571 997 2691 prophetae]
1022 2572 1127 2639 Moyses
1150 2568 1232 2623 Exod.

69 2642 187 2695 subiecta
198 2641 273 2693 nobis
286 2647 326 2693 est
338 2657 395 2692 cum
409 2642 481 2707 velit]
502 2642 570 2693 Male
582 2658 625 2692 su·
677 2641 773 2693 XXIV.
787 2642 824 2692 ill.
834 2641 887 2692 XX
904 2640 959 2690 'bt
969 2640 1009 2692 28.
1020 2640 1094 2691 Dent.
1104 2640 1150 2691 lX.
1161 2640 1184 2691 9.
1195 2640 1232 2692 ll.

67 2710 182 2781 pedores
198 2710 324 2763 editiones
336 2717 396 2778 post
408 2710 487 2761 verba
504 2712 573 2761 mois
590 2720 626 2761 est
676 2716 702 2760 et
713 2710 782 2762 Elias
798 2710 806 2759 l
824 2710 887 2776 lteg.
899 2709 973 2761 XIX.
986 2708 1010 2760 s,
1046 2709 1102 2773 (F.)

115 2795 178 2832 uere
188 2779 300 2847 στιγμήν,
310 2795 372 2830 uam
381 2779 556 2830 connectenda
564 2795 625 2831 curu
710 2796 735 2845 g.
748 2784 858 2847 quatuor
867 2778 965 2829 ieiunia
974 2777 999 2828 in
1010 2777 1132 2844 ecclesia]
1147 2777 1230 2840 Quan-

67 2794 183 2901 ΕΜ
194 2862 261 2916 quae
276 2846 398 2916 deinceps
414 2852 565 2916 sequuntur.
586 2847 625 2899 lu·
678 2865 756 2917 quem
770 2864 821 2898 non
833 2846 911 2898 morlo
924 2846 1112 2914 antiquioribus
1130 2851 1154 2897 et
1171 2863 1232 2915 apo·

68 2914 192 2971 morum
210 2932 272 2968 vero
293 2915 410 2967 docilitas
428 2916 577 2985 accipienda
595 2915 626 2967 de
677 2916 784 2968 stolicae
796 2916 875 2966 aetati
887 2914 1051 2994 propioribus
1063 2916 1232 2983 temporibus,

67 2984 118 3039 illis
135 2983 239 3036 ludaeis
262 2983 307 3052 qui
329 2982 430 3035 Christo
448 2984 508 3035 dare
530 3002 625 3036 nomen
677 2984 722 3036 sed
733 3002 766 3036 ne
777 2982 908 3035 Philastrri
920 2983 1022 3050 quidem
1040 2999 1103 3034 aero
1122 2990 1232 3051 quatuor

68 3059 93 3106 at
104 3052 201 3107 Christi
219 3068 294 3104 sacra
307 3053 440 3121 ampiecti,
459 3053 512 3104 sive
525 3069 540 3104 a
553 3052 624 3104 Chri·
676 3054 721 3104 iila
737 3053 834 3104 ieiunia
849 3052 928 3119 longe
946 3051 1048 3120 letoque
1064 3069 1110 3122 per
1129 3069 1232 3104 omnem

68 3121 159 3177 numia
185 3121 217 3173 de
237 3121 295 3189 lege
321 3126 347 3172 et
366 3119 498 3190 prophetis
530 3119 624 3173 Christi
676 3121 812 3173 ecclesiam
829 3120 972 3172 obtinuisse
990 3121 1054 3171 satis
1071 3126 1185 3185 constat,
1203 3133 1232 3172 ut

67 3204 94 3245 Ιι
138 3190 193 3243 aria
209 3205 353 3259 agnoscere
369 3207 422 3241 non
443 3189 623 3258 dedignantur.
676 3189 788 3241 ostendit
799 3189 834 3240 Io.
848 3188 968 3240 ballaeus
981 3189 1025 3239 lib.
1042 3188 1066 3242 4.
1084 3189 1115 3241 de
1128 3189 1231 3241 Ieiuniis

68 3196 175 3323 (ὢν.)
273 3282 276 3287 “
677 3258 777 3327 capi„
801 3264 888 3309 tamen
907 3274 940 3308 ex
958 3255 1006 3308 hoc
1027 3255 1156 3309 Philastrii
1174 3258 1230 3309 loco

100 3326 164 3397 cap.
174 3325 289 3380 OXLIX.
301 3357 333 3366 -
346 3342 369 3378 a.
379 3327 404 3378 in
416 3326 550 3393 Zacharia]
561 3327 625 3378 Vlll.
695 3331 747 3378 etet
759 3325 815 3378 falli
827 3325 997 3389 Blondellum,
1031 3327 1058 3377 ui
1070 3326 1102 3377 ed
1119 3325 1231 3377 Pseudo-

69 3396 117 3461 19„
134 3396 167 3448 ad
180 3410 258 3477 quem
270 3396 357 3447 locum
369 3395 625 3515 conferendusprae-
676 3344 777 3448 latuisti
787 3395 930 3464 Epistulam
944 3409 1004 3463 pag.
1014 3343 1072 3447 ills.
1087 3402 1159 3446 notat.
1168 3395 1230 3446 Leo-

67 3470 106 3519 Μ
117 3464 345 3533 &Hieronymum
358 3463 485 3515 lohannes
499 3464 541 3516 Sel
561 3481 625 3516 enus
676 3481 737 3517 nem
754 3464 881 3532 Magnum
900 3464 1013 3532 primum
1036 3470 1146 3532 quatuor
1167 3469 1230 3514 tem·

67 3534 153 3605 eapite
166 3538 259 3585 octavo
277 3533 337 3584 libri
350 3533 382 3584 de
399 3534 475 3585 Anno
496 3532 571 3585 Civili
585 3533 626 3584 lu·
676 3549 769 3602 porum
781 3533 877 3585 ieiunio
890 3537 1099 3584 consecratorum
1111 3531 1230 3583 distincte

66 3602 200 3656 dacorum.
236 3600 292 3667 (F.)
677 3602 834 3654 meminisse.
870 3600 926 3666 (F.)

100 3672 127 3726 h.
144 3668 272 3723 Ieiunium
302 3670 382 3735 uarti]
409 3669 456 3721 Die
476 3670 513 3720 ll.
526 3669 623 3721 mensis
709 3669 734 3722 h.
753 3669 1015 3738 inNataliprimum]
1033 3667 1088 3719 lloc
1106 3667 1229 3736 estquod

85 3739 155 3793 aare
171 3738 269 3791 Tamus
282 3686 375 3803 (luth),
394 3738 426 3789 oh
444 3738 591 3790 cunirartas
608 3756 625 3789 a
674 3738 756 3791 Leoni
768 3737 894 3806 hyemale,
912 3738 969 3789 aliis
987 3737 1113 3788 ieiunium
1129 3736 1230 3789 Adven-

96 3823 161 3878 oyse
171 3807 274 3859 tabulas
287 3813 313 3858 et
325 3808 415 3859 urbem
426 3824 443 3858 a
454 3806 624 3860 Nabuchodo-
675 3813 717 3860 tus
730 3807 835 3872 domini,
847 3806 877 3858 de
888 3822 938 3924 spuo
948 3803 1062 3891 Theoph.
1071 3804 1229 3873 Raynaudus

65 3892 163 3931 musore
174 3881 285 3945 captam.
321 3875 377 3941 (F.)
675 3876 704 3929 T.
716 3876 763 3930 Xl.
777 3875 841 3945 Opp.
853 3874 948 3944 psit).
984 3872 1040 3935 (l.)

100 3962 124 3997 e.
140 3944 268 3997 ieiunium
281 3945 375 4012 quinti]
387 3944 434 3996 Die
444 3960 512 3996 nono
524 3945 623 3997 mensis
709 3945 724 3996 i.
743 3942 915 4009 inPaschate]
942 3941 997 3994 lIoc
1016 3956 1097 3991 unum
1118 3939 1230 3995 admittit

66 4012 199 4085 qumuub
208 4012 343 4082 (Augusti),
354 4011 624 4082 obcontlagrationem
675 4013 848 4081 [lieronymus
873 4010 919 4079 up.
945 4009 986 4060 54.
1011 4007 1043 4059 od
1066 4009 1229 4063 Marcellum:

66 4080 166 4152 templi.
201 4080 258 4146 (F.)
678 4082 749 4142 „Nos
765 4099 838 4131 unam
857 4080 1079 4146 quadrupcsimam
1096 4081 1229 4131 secundum

101 4150 127 4203 tl.
143 4148 271 4203 ieiunium
280 4166 308 4201 se
326 4148 396 4215 timi]
408 4149 454 4201 Die
463 4151 538 4201 tertio
548 4150 624 4217 Tisri,
676 4153 837 4201 traditionem
848 4146 1014 4215 apostolorum
1025 4154 1073 4196 totu
1085 4156 1159 4209 anno,
1171 4156 1228 4198 tem·

66 4218 205 4275 mansisse
223 4166 428 4285 timilllctobris)
442 4218 475 4269 ob
488 4218 624 4271 Godoliam
673 4236 736 4287 pore
746 4218 929 4281 tantiscunque}
939 4217 1090 4266 ieiunemus.-
1099 4216 1139 4266 illi
1148 4216 1228 4281 ilion·

68 4288 102 4341 ib
112 4234 252 4340 ltmadlltie
264 4286 433 4349 trucidatum,
453 4292 480 4337 ut
491 4287 569 4338 tradit
584 4287 624 4339 lo·
676 4287 730 4338 teni
743 4285 864 4351 asseclae)
877 4292 928 4332 tres
939 4286 966 4332 in
978 4287 1158 4351 annosucr'unt
1167 4304 1228 4352 quu-

68 4370 98 4409 30

68 4429 84 4491 t

82 4354 166 4477 'plius
175 4355 416 4425 inldppomnestico
428 4353 525 4406 inedito
538 4371 559 4408 c.
570 4355 625 4407 127.
677 4357 844 4421 (troparium,
856 4354 930 4419 quau
941 4359 992 4401 tres
998 4356 1075 4420 passi
1085 4356 1228 4404 stratonica-

107 4424 177 4487 οόν.)
678 4433 750 4473 tores.
769 4421 827 4472 ubo
840 4438 886 4489 prro
898 4429 923 4470 et
928 4437 978 4488 per
990 4428 1063 4472 totum
1075 4441 1175 4484 aruntem,
1187 4440 1228 4474 ex·

102 4506 126 4547 α,
143 4492 270 4546 ieiunium
283 4489 387 4555 decimi]
410 4488 458 4541 Die
470 4489 570 4543 decimo
583 4491 625 4545 de·
677 4499 751 4559 cepta
758 4498 900 4559 peritecoste
909 4489 1023 4541 ieruna're
1033 4508 1079 4541 non
1089 4492 1173 4552 liceat,
1183 4491 1229 4543 sed

67 4560 239 4615 eltulmensis
252 4557 387 4628 (Ianuarii)
403 4556 501 4611 Tebeth
514 4558 547 4610 ob
560 4576 626 4614 nun·
677 4561 742 4629 quod
753 4560 826 4610 aliud
839 4560 873 4608 sit
885 4561 1043 4621 necessitate,
1055 4560 1129 4613 aliud
1144 4560 1227 4612 volan.

68 4630 139 4683 tiata
148 4628 285 4700 Babylone
293 4627 514 4682 commorantibus
524 4625 625 4683 ludaeis
677 4626 952 4697 tatamenuaofferre.¹'
986 4625 1043 4690 (F.)
