3046 5124
606 290 693 333 usus
704 290 814 333 rmus
1227 291 1286 357 251

128 448 206 517 lutis
226 448 365 528 adferre3
388 467 450 514 nec
470 467 659 532 quemquam
679 468 786 513 corum
806 468 884 532 qnos
904 447 1065 532 decipiunt
1083 447 1288 533 baptizandos

128 557 252 639 putant.
283 551 445 616 Orationes
460 551 579 614 faciunt
593 550 633 615 ad
648 549 745 614 solem
761 572 816 636 per
831 550 929 631 diem,
949 571 1072 633 quaqua
1085 571 1211 615 versum
1226 553 1287 614 eir·

128 656 211 721 cuit:
226 654 267 718 ad
281 653 389 718 lunam
403 660 614 739 pernoctem,
634 655 661 716 si
677 659 819 738 apparct3
840 656 867 716 si
882 659 987 716 autem
1001 674 1065 717 non
1085 659 1228 738 apparet,
1248 653 1287 718 ad

127 755 321 841 aquiloniam
335 763 472 842 partem,
495 776 556 839 qua
571 755 617 820 sol
633 777 704 820 cum
719 757 868 820 occiderit
884 755 923 818 ad
947 757 1098 819 orientem
1113 758 1286 819 revertitur.

127 859 224 925 Stant
237 865 372 924 orantes.
395 859 598 923 Peccatorum
613 864 716 923 autem
732 859 883 940 originem
898 878 960 922 non
976 857 1074 921 libero
1090 858 1216 921 arbitrie
1232 879 1286 922 ve·

127 960 272 1043 luntatis,
287 961 344 1026 sed
358 960 552 1026 substantiae
567 961 710 1024 tribuunt
724 962 825 1042 gentis
840 960 1006 1041 adversae,
1027 979 1118 1042 quam
1135 959 1287 1041 dogmati·

127 1069 204 1129 aunt
217 1083 287 1128 esse
301 1064 481 1129 hominibus
496 1065 635 1128 mixtam.
675 1062 807 1126 Omnem
826 1082 899 1125 vero
922 1083 1047 1126 earnem
1062 1083 1125 1126 uon
1141 1063 1286 1126 divinita-

128 1168 182 1247 tis,
196 1164 255 1231 sed
268 1165 369 1230 malae
384 1168 499 1231 mentis
515 1165 665 1230 adserunt
680 1184 748 1229 esse
764 1165 939 1250 opificium,
960 1185 1038 1248 quae
1059 1167 1213 1229 contrario
1229 1166 1286 1229 deo

127 1274 297 1334 coaeterna
316 1275 373 1333 est
410 1267 573 1333 Camalem
595 1269 897 1352 concupiscentiam,
921 1287 983 1350 qua
1003 1288 1072 1331 earo
1094 1270 1287 1351 concupiscit

128 1368 280 1435 adversm
295 1373 456 1455 spiritum,
476 1371 685 1435 substantiam
703 1369 813 1434 volunt
828 1389 897 1433 esse
913 1370 1114 1449 contrariam,
1135 1372 1180 1432 sic
1195 1369 1286 1433 nobis

127 1471 369 1554 adhaerentem,
384 1479 418 1537 ut
434 1473 557 1556 quando
573 1471 742 1536 liberamur
756 1477 850 1555 atque
866 1492 1049 1556 purgamur,
1068 1474 1182 1536 iterum
1196 1493 1285 1556 repa-

127 1579 231 1656 retur,
251 1577 330 1639 etin
345 1596 401 1639 sna
415 1582 527 1638 natura
541 1577 636 1638 etiarn
651 1577 720 1660 ipsa
734 1573 951 1638 immortaliter
970 1577 1064 1636 vivat.
1101 1575 1138 1638 ln
1152 1595 1214 1637 uno
1229 1575 1285 1637 ho-

127 1679 215 1743 mine
230 1676 307 1740 duas
323 1677 432 1741 dicum
446 1679 566 1741 animas
583 1698 668 1758 esse,
689 1685 721 1740 et
736 1677 812 1741 duas
827 1684 964 1757 montes,
985 1697 1100 1759 easque
1119 1697 1175 1760 per
1194 1682 1285 1740 natu-

127 1799 197 1843 ram
212 1781 395 1860 contrarias,
410 1779 508 1844 bonas
524 1786 556 1842 01
570 1779 679 1860 malas,
695 1800 808 1862 easque
825 1779 934 1842 dicunt
948 1781 1029 1842 inter
1041 1800 1073 1842 se
1085 1778 1198 1842 habere
1211 1801 1285 1842 eon-

127 1879 259 1946 llictum.
294 1881 395 1946 Finito
416 1887 518 1945 autem
539 1884 599 1946 1010
620 1882 762 1963 saeculo,
783 1887 855 1965 post
874 1880 1148 1963 conflagrationem
1166 1881 1286 1961 muudi,

126 1985 223 2049 istam
238 1983 445 2048 substantiam
460 1984 534 2048 mali
555 1987 586 2047 in
607 1984 697 2065 globo
719 1983 852 2067 quodam
869 1983 976 2047 01101101
990 1989 1149 2066 tamquam
1169 1986 1201 2046 in
1217 2005 1284 2047 oar·

127 2106 200 2151 cere
215 2107 285 2150 esse
300 2089 462 2151 victuram.
485 2087 541 2151 Cui
555 2086 646 2169 glebo
661 2086 828 2149 adfirmant
842 2106 1038 2150 accessurum
1051 2091 1083 2147 et
1094 2105 1218 2170 semper
1229 2086 1284 2150 ad·

127 2186 299 2254 haesurum
312 2189 420 2273 ⁹quasi
440 2191 665 2274 coopertorium
687 2196 779 2271 atquo
800 2190 964 2252 tectorium
985 2208 1024 2250 ex
1044 2187 1207 2251 animabus
1228 2210 1283 2252 na-

126 2294 199 2357 tura
214 2291 341 2375 quidem
355 2293 457 2374 bonis,
472 2291 528 2356 sed
543 2298 648 2356 tamen
664 2311 742 2374 quae
757 2311 821 2354 non
835 2291 993 2376 potuerint
1007 2312 1026 2352 a
1040 2295 1168 2353 naturae
1184 2289 1283 2354 malae

127 2397 311 2477 contagione
326 2395 481 2459 mundari.

192 2497 452 2580 Quadragesimus
472 2499 623 2581 septimus
643 2495 817 2561 hacreticus
839 2496 972 2560 llieraca
992 2496 1166 2559 Hieracitas
1192 2498 1283 2559 insti·
1303 2536 1352 2585 Q,
1366 2537 1450 2576 m„

126 2601 196 2675 tuit.
225 2600 267 2664 Hi
282 2602 541 2664 resurrectionem
556 2601 658 2663 carnis
673 2605 797 2681 negant.
835 2597 1018 2663 ιΜο0001100
1033 2603 1156 2666 tanturn
1171 2605 1202 2661 01
1215 2620 1283 2663 mo·

125 2700 257 2784 naahas,
272 2709 304 2765 et
315 2723 368 2766 eos
380 2705 433 2786 qui
446 2704 657 2785 coniugianon
669 2702 797 2782 habent,
812 2704 844 2764 in
857 2702 1105 2765 communionem
1117 2704 1282 2786 recipiunt.

124 2804 321 2888 teregnum
337 2805 492 2869 caelorum
507 2826 569 2869 non
584 2807 739 2889 pertinere
755 2805 898 2890 parvulos
914 2804 1033 2881 dieunt,
1049 2805 1194 2886 quianon
1210 2812 1284 2868 sunt

125 2908 172 2972 eis
184 2909 299 2973 merita
312 2907 376 2972 ulla
388 2910 566 2973 certaminis
579 2928 638 2991 quc
650 2907 728 2972 vitia
738 2915 933 2992 superantur.
956 2906 1070 2969 Contra
1080 2905 1163 2970 hunc
1176 2928 1281 2971 susce-

123 3012 174 3095 pit
192 3016 319 3075 sanctus
333 3010 540 3096 Aphrodisius
561 3010 755 3095 Hellesponti
775 3013 955 3095 episcopus,
978 3009 1124 3073 adserens
1145 3031 1282 3074 resurre-

125 3114 264 3179 ctionem
279 3115 381 3178 eamis
397 3122 428 3177 et
443 3133 521 3179 novo
538 3119 569 3176 01
583 3113 680 3176 001011
695 3119 882 3176 testamento
900 3121 968 3176 etse
984 3113 1148 3176 firmatam.
1175 3113 1281 3177 111100-

124 3220 174 3281 tes
189 3219 372 3280 antemium
387 3216 529 3280 homines
545 3236 627 3279 esse:
645 3222 677 3278 et
691 3206 772 3280 sicut
792 3216 903 3298 siquis
925 3235 977 3280 000
997 3216 1132 3296 occidat,
1151 3215 1281 3280 homici-

125 3318 184 3384 dae
200 3321 333 3404 suscipit
348 3322 480 3400 crimen,
496 3321 541 3382 sic
558 3321 610 3400 qui
626 3339 677 3382 ees
694 3318 881 3403 baptismate
897 3321 1140 3399 consecraverit,
1160 3341 1281 3384 meroe-

125 3420 199 3487 dem
220 3423 279 3485 sibi
302 3422 339 3485 de
356 3422 490 3486 hominis
506 3421 605 3484 salute
617 3421 761 3504 adquirit.
800 3421 1055 3485 Communionem
1070 3421 1147 3484 nulli
1164 3442 1280 3504 negem-

125 3522 199 3589 dam
213 3524 344 3601 nisibis
366 3525 418 3608 qui
439 3525 666 3609 praetermissis
689 3523 871 3607 coniugibus
889 3527 1022 3609 propriis
1044 3524 1160 3587 alienas
1176 3527 1279 3608 roqui-

123 3632 207 3693 runt.

189 3729 431 3813 Quadragesima
446 3737 556 3795 octava
568 3730 705 3794 haeresis
716 3735 765 3794 est
775 3728 1022 3809 Meletianorum,
1037 3728 1190 3793 alleletic
1203 3749 1280 3812 quo·
1300 3747 1461 3798 00111010,

124 3830 207 3899 dam
230 3832 379 3897 Νο1011100
387 3855 473 3897 01010
483 3834 610 3898 cumhis
619 3835 671 3916 qui
679 3836 712 3896 in
724 3832 1136 3918 persecutioneccciderent,
1144 3830 1281 3895 schisma

123 3934 276 4001 fecerunt.
314 3936 431 4013 Quibus
453 3938 567 3999 restitit
586 3943 712 4000 sanctus
727 3936 860 3999 Basilius
877 3938 1041 4019 episeopus
1057 3935 1280 4018 Cappadociae,

125 4036 233 4104 dicens
249 4040 397 4102 maiorem
413 4042 479 4123 spei
496 4047 527 4102 et
542 4039 614 4103 sulci
627 4042 799 4120 caritatem,
814 4058 892 4121 quae
908 4040 1012 4100 omnia
1026 4036 1151 4118 tolerat,
1167 4043 1198 4100 et
1212 4059 1279 4100 ma·

121 4160 201 4207 num
215 4137 312 4225 lapsis
327 4143 425 4224 magis
440 4143 668 4226 porrigendam.
704 4143 852 4205 Hortatur
864 4142 957 4202 etiam
972 4139 1174 4223 desperantes
1190 4160 1279 4203 recu-

122 4245 284 4331 peratione
296 4245 509 4329 provocandos
522 4252 556 4308 ut
568 4245 710 4328 redeant3
724 4246 750 4307 si
762 4243 888 4326 quidem
899 4244 993 4305 etiam
1005 4240 1140 4325 ¹engelis
1149 4243 1182 4307 in
1194 4242 1278 4308 caelo

174 4430 199 4485 9.
211 4436 237 4483 et
266 4428 445 4494 uasiMSS.A
482 4428 1094 4498 .110οι.,0101111800.0011000000011000.

117 4498 122 4505 ’
173 4497 237 4569 Gap.
297 4497 350 4551 VH.
363 4528 396 4538 -
410 4499 431 4550 1.
472 4496 685 4553 onaehosautem
696 4502 797 4551 tantum
809 4496 943 4566 MS.Auq.

174 4565 363 4637 0001111111.
376 4597 408 4605 -
423 4566 445 4618 1.
457 4565 518 4618 Luc.
531 4565 588 4630 XV,
603 4567 641 4619 10.
