3046 5124
466 376 506 419 DE
519 376 697 420 assumus
709 376 858 420 lammam.
1180 382 1240 448 331

77 532 224 598 haeresin
239 538 405 599 seotautes.
443 536 484 600 lli
502 555 607 600 amora
628 537 970 622 martyriisemetipsea
989 538 1188 620 interimunt,
1208 542 1243 603 ut

76 643 232 720 martyres
247 639 456 702 nominentur.

140 739 398 805 Priscillianistae
414 764 433 804 a
447 741 641 805 Priscilliane
658 743 804 826 episeopo
819 744 931 806 venati.
967 743 1027 807 Hie
1043 745 1075 806 iu
1090 744 1243 829 Hispania
1260 757 1310 809 cn·
1324 758 1385 799 bu

77 862 117 905 ex
131 842 253 907 haeresi
269 843 488 908 Gnosticorum
508 849 540 906 et
553 843 805 908 Manichaeorum
819 846 1008 930 permixtum
1029 845 1141 928 dogma
1156 866 1241 911 oom-

76 947 191 1030 posuit.

140 1047 331 1113 Luoiferiani
346 1070 365 1112 a
379 1048 521 1113 Lucifero
544 1048 724 1112 ¹Sardiuiae
745 1051 890 1135 episeopo
906 1053 1015 1115 exorti.
1052 1051 1093 1115 Hi
1113 1053 1147 1115 iu
1166 1052 1241 1116 hae·
1260 1081 1310 1132 οη.
1325 1082 1398 1123 nxxr

77 1151 174 1215 resim
195 1149 299 1236 lapsos
322 1157 353 1215 et
368 1159 478 1236 postea
492 1151 532 1216 ad
553 1151 738 1217 oatholieam
758 1153 924 1217 eeclesiam
940 1172 1081 1218 reversos
1102 1156 1241 1239 resipere

76 1250 199 1317 uolunt.
1211 1246 1214 1251 ’

138 1355 362 1420 Ioviniauistao
378 1379 397 1420 a
412 1357 571 1422 loviniano
594 1358 728 1442 quedam
747 1358 899 1422 monacho
914 1359 1000 1423 dieti.
1036 1360 1077 1423 Hi
1098 1365 1243 1425 asserunt
1260 1389 1311 1439 cap.
1325 1390 1410 1431 unns

75 1456 197 1522 nullam
211 1458 395 1524 distantiam
410 1480 479 1524 esse
495 1463 576 1524 inter
592 1461 721 1545 ¹nuptas
738 1466 771 1523 et
786 1462 931 1543 virgines,
951 1463 1033 1525 iuter
1047 1462 1242 1526 abstinentes

77 1559 299 1646 etopulantes.

138 1662 320 1729 Helvidiani
335 1665 375 1729 ab
390 1665 534 1731 Helvidio
550 1665 684 1749 quodam
698 1665 881 1750 presbytero
897 1669 1059 1730 nominati.
1081 1668 1122 1732 Hi
1134 1667 1243 1732 dieunt
1260 1687 1311 1737 can
1324 1687 1421 1728 uxxur

76 1765 210 1829 Mariam
225 1765 304 1830 alies
319 1767 399 1832 lilios
415 1774 487 1853 post
500 1773 610 1831 netum
625 1768 784 1832 Christum
800 1767 838 1833 de
853 1769 965 1855 loseph
980 1771 1150 1855 peperisse.

138 1868 320 1932 Patemiani
341 1890 359 1932 a
380 1869 513 1934 Paterno
537 1870 672 1953 quedam
695 1873 803 1934 exerti.
855 1871 895 1934 Hi
917 1872 1081 1936 inferiores
1104 1875 1241 1958 eorporis
1260 1892 1310 1942 esp.
1324 1893 1416 1933 uxxrr.

74 1976 181 2057 partes
196 1991 216 2034 a
231 1970 354 2035 diabole
371 1972 479 2036 dicunt
494 1973 601 2037 factas,

137 2073 267 2139 Arahiei
286 2075 325 2139 ab
353 2076 468 2139 Arabio
493 2077 654 2160 provincia
676 2074 762 2139 dieti.
803 2076 844 2138 Hi
863 2077 1001 2140 animam
1021 2098 1092 2141 eum
1112 2099 1240 2162 corpere
1258 2097 1308 2148 cap.
1323 2099 1404 2139 ιω.

74 2179 156 2241 mori
170 2183 203 2239 et
217 2183 383 2262 utrumque
399 2181 432 2241 in
449 2179 618 2243 novissime
634 2178 684 2242 die
700 2198 860 2261 resurgere
876 2186 1030 2242 asserunt.

138 2279 393 2344 Tertulliauistae
409 2303 428 2343 a
442 2281 634 2345 Tertulliano
647 2282 771 2345 Africae
783 2283 971 2366 provinciae,
987 2282 1240 2365 Cartlragiueusis
1259 2303 1309 2353 cip.
1323 2303 1418 2343 uruvr.

74 2383 211 2447 civitatis
232 2383 413 2466 presbytero
433 2384 517 2448 dieti.
556 2385 596 2448 Hi
618 2387 756 2447 animam
775 2404 838 2448 nou
853 2384 1077 2465 immortalem,
1099 2385 1155 2449 sed
1170 2407 1239 2449 oer-

72 2504 203 2571 peream
218 2485 416 2570 praedioant,
439 2489 558 2550 animas
574 2492 771 2572 peecatorum
786 2492 1001 2572 postmortem
1018 2489 1048 2552 iu
1072 2487 1240 2552 daemones

73 2590 213 2653 converti
229 2589 396 2651 affirmant.

138 2690 433 2755 Tesseradeoaditae
455 2692 722 2774 aquatuerdecim
744 2692 833 2769 dicti3
853 2691 983 2780 τέσσαρα
998 2693 1083 2756 euim
1099 2700 1240 2777 quatuor,
1258 2712 1308 2763 car·
1323 2714 1427 2755 ΜΗ-

73 2782 149 2857 dtas
165 2793 279 2857 dieitur
295 2794 412 2859 docem.
439 2796 480 2859 lli
495 2795 612 2878 paseha
627 2795 860 2882 quartadecima
875 2795 948 2859 luna
964 2810 1034 2859 cum
1051 2796 1171 2860 ludaeis
1188 2819 1239 2862 ee-

72 2895 247 2961 lebrabant.

135 2999 292 3082 Nyctages
312 3023 330 3063 a
350 3022 458 3063 somno
482 3001 530 3064 vel
554 3023 573 3064 a
594 3006 683 3064 necte
704 3003 816 3064 vocati.
859 3001 897 3064 Hi
919 3001 1041 3084 vigilias
1067 3003 1169 3066 noetis
1190 3022 1437 3072 re·caohxxvl1¹·

72 3109 201 3189 spuunt,
217 3102 356 3166 diceutes
373 3112 496 3166 noctem
513 3103 551 3166 ad
568 3106 705 3186 requiem
722 3103 835 3167 datam.

136 3205 294 3288 Pelagiaui
311 3228 329 3267 a
343 3205 468 3287 Pelagio
485 3206 619 3288 quodam
633 3207 786 3270 monacho
802 3210 910 3270 exorti.
948 3208 987 3270 Hi
1004 3207 1136 3273 liberum
1151 3211 1239 3275 arbi-
1258 3228 1307 3279 eno·
1321 3229 1413 3270 [Μ.

70 3311 167 3374 trium
183 3310 298 3391 gratiae
315 3308 362 3371 dei
381 3316 585 3392 anteponunt,
601 3310 741 3372 dieentes
757 3310 900 3373 suffic-ere
916 3311 1109 3376 voluntatem
1124 3313 1164 3378 ad
1178 3316 1237 3377 im·

70 3411 188 3498 plenda
203 3411 311 3474 diviua
326 3414 420 3474 iussa.

134 3513 311 3578 Nestoriaui
327 3537 345 3576 a
360 3514 502 3578 Nestoris
524 3515 867 3601 Constantinopolitano
889 3521 1035 3603 episeopo
1057 3522 1236 3604 nuncupati.
1256 3535 1306 3586 Can·
1320 3537 1401 3577 baxa

70 3616 112 3681 Hi
127 3623 268 3680 sanctam
284 3617 413 3680 llariam
429 3638 492 3681 nou
508 3619 569 3698 dei,
585 3619 640 3682 sod
659 3619 796 3683 hominis
811 3626 933 3684 tautum
948 3624 1131 3704 genitricem
1146 3643 1236 3706 prae-

71 3718 192 3799 dicant,
213 3718 305 3782 alium
321 3741 487 3803 personam
503 3724 623 3802 caruis,
645 3721 738 3785 aliam
755 3723 879 3787 deitatis
891 3725 1052 3804 lacienteS,
1068 3744 1124 3786 nee
1141 3745 1238 3788 unum

71 3820 231 3887 Christum
248 3824 280 3885 in
296 3823 391 3886 verbo
408 3829 439 3885 et
455 3845 559 3905 earne,
576 3824 742 3890 sodalium
759 3826 857 3889 lilium
873 3825 933 3906 dei,
955 3826 1050 3889 alium
1066 3825 1163 3890 lilium
1180 3827 1236 3891 ho·

69 3926 164 3990 minis
180 3926 345 3988 allirmant.

131 4027 319 4110 Eutychiani
336 4028 374 4092 ab
396 4028 553 4110 ¹Eutyohe
574 4032 918 4115 Constantinopolitano
938 4031 1052 4095 abbate
1071 4033 1115 4095 ita
1134 4036 1235 4097 nomi·
1255 4051 1305 4102 Car·
1319 4052 1412 4093 ham
1436 4096 1440 4103 .

69 4131 145 4194 uati.
181 4131 222 4193 lli
236 4136 353 4212 negant
367 4133 401 4192 iu
418 4131 540 4195 Christo
557 4135 634 4199 duas
650 4139 777 4198 naturas
794 4155 878 4215 esse,
901 4134 956 4198 sed
977 4134 1075 4199 solam
1096 4135 1236 4201 divinam

70 4233 103 4297 in
118 4253 153 4297 eo
165 4238 238 4318 post
252 4240 446 4318 assumptam
462 4254 597 4326 earnem,
613 4237 735 4301 scilicet
751 4258 876 4301 earnem
896 4239 929 4300 in
950 4238 1098 4304 deitatem
1114 4259 1235 4305 versam

70 4335 262 4419 praedicant.

121 4519 184 4592 Gap.
196 4520 290 4574 LXXI.
304 4550 336 4559 -
352 4522 372 4573 l.
392 4522 470 4589 Vulpe
484 4522 609 4576 Smiruae.

121 4588 184 4661 Cap.
196 4589 304 4643 Luxu.
318 4621 350 4630 -
365 4590 386 4643 l.
407 4591 485 4659 Vulpo
497 4592 609 4660 nuptias.

120 4656 182 4728 (lap.
194 4657 318 4713 LXXXI.
332 4690 365 4700 -·
379 4659 401 4714 l.
419 4659 497 4728 Vulpe
509 4658 659 4729 Eutychete.
