3046 5124
552 262 639 303 mnan
652 260 761 303 ramus
1162 257 1224 324 243

67 416 199 483 verbum
218 417 269 484 dei
287 438 357 483 esse
372 419 470 483 lilium
484 421 623 504 accipere
639 418 763 499 nolunt,
777 420 811 481 in
829 422 968 497 tantum,
982 420 1018 478 ut
1032 414 1225 497 evangelium

67 522 169 585 saneti
184 520 312 585 Ioannis
328 521 435 586 dicant
455 523 553 605 ipsius
568 542 630 584 non
646 542 729 599 esso;
748 541 806 583 nec
826 518 1049 603 Apocalypsim
1067 520 1227 601 accipiunt

66 623 209 688 eiusdem
222 624 358 687 Ioannis.
387 623 468 700 Quid
482 620 600 686 multa?
623 622 735 686 Omnia
749 623 911 686 nobiscum
927 623 1063 705 sapiunt,
1078 620 1225 684 ¹verbum

66 725 117 791 dei
131 725 233 790 filium
253 725 302 790 dei
322 728 448 811 penitus
469 728 557 808 quasi
578 724 805 809 blasphemiam
825 730 1017 788 execrantur.
1054 723 1119 787 Hos
1137 722 1226 786 Philo

65 831 234 915 episeopus
249 849 341 913 saepe
356 831 522 914 superavit.

128 930 304 996 Tricesima
318 933 418 1014 prima
433 930 571 994 haeresis
586 930 845 1011 Adamianornm,
865 933 919 1013 qui
939 950 977 992 ex
991 928 1094 992 Adam
1113 948 1228 992 nomon
1246 934 1296 984 0²1¹·
1310 934 1386 973 “³¹¹-

64 1040 266 1120 aeeeperunt,
282 1036 369 1097 ouius
384 1035 547 1097 imitantur
561 1035 593 1096 in
608 1033 752 1117 paradiso
767 1033 952 1112 nuditatem,
967 1031 1067 1115 qualis
1082 1032 1141 1094 luit
1155 1037 1226 1093 anto

64 1142 242 1225 peooatum.
278 1136 369 1200 Unde
390 1143 422 1199 et
441 1138 566 1220 nuptias
586 1141 784 1217 aversantur,
803 1138 877 1219 quia
896 1155 954 1198 uec
969 1137 1055 1217 prius
1071 1154 1164 1216 quam
1179 1133 1227 1196 di-

64 1242 184 1331 missus
207 1245 291 1302 esset
309 1237 347 1302 de
368 1238 528 1322 paradiso,
550 1240 694 1320 cognovit
714 1257 851 1301 uxorem.
896 1236 1034 1300 Credunt
1053 1256 1124 1317 ergo
1145 1234 1228 1318 quod

63 1344 196 1428 nuptiae
212 1341 332 1405 suturae
348 1361 411 1404 non
426 1341 571 1421 fuissent,
586 1343 612 1403 si
627 1361 718 1403 nomo
734 1346 906 1423 peccasset.
944 1339 1026 1403 Nudi
1041 1341 1145 1421 itaque
1160 1360 1227 1401 ma·

66 1465 118 1511 res
143 1444 341 1526 feminaeque
369 1445 574 1523 conveniunt,
596 1441 672 1505 uudi
692 1442 841 1505 lectiones
863 1440 1009 1520 audiunt,
1031 1441 1106 1504 nudi
1129 1446 1229 1521 orant,

65 1547 145 1613 nudi
161 1545 320 1611 celebrant
334 1550 537 1609 sacramenta.
572 1544 612 1607 Et
630 1564 669 1607 ex
688 1545 747 1609 hoc
767 1543 946 1628 paradisum
970 1564 1059 1607 suam
1073 1542 1228 1606 arbitran-

65 1656 119 1715 tur
133 1647 309 1713 eeolosiam.
338 1648 402 1712 llos
418 1653 544 1711 sanctus
560 1647 721 1730 presbyter
735 1646 924 1730 Polycarpus
941 1645 1069 1728 detexit,
1085 1646 1230 1726 obtinuit,

67 1750 251 1815 eliminavit.
330 1770 335 1783 ⁸

131 1853 304 1917 Tricesima
334 1858 365 1914 et
396 1851 533 1915 secunda
564 1851 702 1914 haeresis
733 1851 961 1915 llolceseorum.
1008 1851 1073 1916 Hos
1103 1851 1230 1934 quidam
1248 1872 1298 1922 cap.
1312 1870 1397 1911 xxxa.

68 1954 198 2023 ¹llelchi
213 1957 339 2018 nornine
355 1947 625 2038 pseudopropheta
641 1953 777 2037 decepit,
794 1975 832 2016 ex
848 1957 934 2017 cuius
946 1974 1058 2035 genere
1071 1953 1148 2016 duas
1159 1976 1229 2017 mu·

68 2058 161 2123 lieres
173 2063 326 2138 tanquam
342 2055 416 2119 deas
432 2056 470 2118 ab
487 2057 531 2118 eis
546 2055 727 2140 perhibetur
742 2055 894 2119 adoratas.
932 2056 1230 2134 Ceteraflcbionois

68 2159 187 2226 similia
210 2166 316 2222 tenere
342 2159 381 2221 ab
407 2157 579 2242 Epiphanio
606 2157 799 2222 adseruntur.
842 2158 907 2221 llos
929 2158 1041 2241 Papias
1067 2157 1230 2241 presbyter

68 2262 206 2329 Achaiae
221 2261 365 2325 obtinuit.

133 2364 341 2428 Tricesimum
363 2369 395 2425 ot
413 2365 540 2425 tertium
562 2362 665 2426 locum
685 2362 822 2425 haeresis
843 2367 953 2425 tenent
971 2361 1193 2443 Theodotiani,
1213 2385 1232 2426 a
1249 2366 1299 2416 ⁰¹¹⁰·
1313 2366 1410 2406 xrxru.

69 2464 205 2553 quodam
221 2464 396 2529 lTheodoto
418 2466 567 2545 instituti,
587 2465 746 2528 homiuem
767 2464 981 2528 tantummodo
1003 2464 1160 2528 Christum
1181 2463 1230 2528 dei

69 2568 169 2635 lilium
191 2567 380 2633 adserentes.
425 2567 512 2644 Quod
534 2567 648 2630 dicitur
669 2566 751 2630 idem
772 2564 969 2631 ²Theodotus
989 2574 1154 2653 propterea
1175 2568 1229 2631 do-

69 2674 190 2753 cuisse,
206 2673 278 2754 quia
293 2673 325 2733 in
341 2671 555 2753 persecutione
570 2669 676 2753 lapsus
692 2672 750 2733 isto
767 2669 857 2733 modo
874 2691 906 2733 se
923 2691 1013 2734 casus
1029 2673 1076 2734 sui
1093 2670 1229 2734 devitare

68 2774 203 2860 putabat
218 2772 428 2857 opprobrium,
444 2775 470 2835 si
485 2793 548 2836 non
564 2772 656 2836 deum
667 2793 808 2854 negasse,
824 2771 879 2836 sed
891 2773 1048 2837 hominem
1062 2773 1229 2837 videretur.

68 2876 133 2943 Hos
149 2875 286 2940 obtinuit
301 2875 414 2939 Craton
430 2877 594 2959 episcopus
610 2874 766 2957 Syrorum.

132 2978 338 3043 Tricesimam
361 2985 502 3059 quartam
527 2976 689 3041 haeresem
711 2976 1008 3042 lllelchisodeohiani
1034 2981 1230 3043 invenerunt.
1250 2981 1300 3032 ⁰³1³·
1313 2980 1407 3020 '‘llll-

69 3078 313 3161 Melchisedech,
329 3080 524 3144 sacerdotem
540 3080 589 3143 dei
601 3079 726 3160 excelsi,
739 3101 801 3144 non
813 3080 971 3144 hominem
983 3082 1089 3164 inisse,
1101 3083 1157 3147 sed
1168 3085 1230 3146 vir-

71 3188 173 3249 tutem
189 3181 238 3246 dei
255 3202 323 3247 esse
340 3183 540 3263 arbitrantur,
556 3182 642 3245 illum
658 3182 760 3246 locum
775 3189 941 3266 sequentes
954 3185 1086 3268 apostoli
1101 3186 1140 3249 ad
1156 3186 1230 3249 ¹lle-

69 3284 182 3351 bracos
192 3306 252 3369 quo
268 3287 321 3366 ait,
337 3282 522 3369 Sinopici-tre,
538 3288 603 3347 sine
614 3296 723 3366 rrzotre,
739 3288 804 3348 sine
813 3287 1005 3371 perceulopa'a.
1028 3288 1085 3352 His
1098 3291 1233 3352 occurrit

70 3388 238 3472 Dionysius
253 3386 538 3469 Hierosolymorum
555 3387 735 3472 episeopus,
757 3388 864 3451 dicens
885 3388 968 3453 hunc
989 3396 1021 3453 et
1040 3398 1160 3474 patrem
1175 3390 1230 3452 ha-

69 3492 177 3558 buisse
198 3496 231 3554 et
250 3496 396 3570 matrem,
417 3497 449 3552 ot
468 3489 526 3554 hoe
548 3489 616 3553 ideo
638 3490 753 3552 dixisse
776 3491 966 3574 apostolum,
986 3495 1058 3576 quia
1073 3500 1104 3556 et
1118 3513 1230 3575 genea-

68 3592 153 3679 logia
167 3595 266 3678 ipsius
282 3599 314 3656 et
327 3599 469 3655 materna
484 3598 651 3676 paternave
667 3595 811 3677 prosapia
826 3614 888 3658 non
904 3593 1070 3658 haberetur
1084 3598 1117 3657 in
1129 3617 1164 3657 eo
1181 3616 1230 3658 or-

69 3696 144 3762 dine
159 3695 194 3760 in
211 3715 270 3787 quo
286 3695 336 3758 lex
351 3695 564 3759 Hebraeorum
584 3694 744 3779 adscripta
759 3703 821 3777 est,
842 3717 912 3760 oum
929 3697 985 3761 deo
1002 3699 1108 3780 utique
1122 3696 1230 3781 plaou-

69 3800 131 3865 erit
144 3800 304 3881 generatio
320 3797 539 3862 Hebraeorum.

134 3901 308 3966 Tricesima
324 3903 432 3984 quinta
447 3903 583 3965 haeresis
599 3907 672 3965 sunt
685 3899 919 3982 Bardosanitae,
934 3923 953 3964 a
968 3901 1101 3984 quodam
1112 3901 1230 3965 Bardo·
1249 3917 1300 3968 cao.
1314 3917 1395 3957 mv-

120 4138 185 4210 (lap.
198 4136 287 4193 XXX.
300 4169 332 4177 -
347 4138 368 4191 l.
388 4140 532 4206 ll'esseliny.
544 4137 675 4192 Probabit.
690 4157 747 4207 cap.
760 4137 801 4191 30.
811 4157 874 4206 paq.
888 4136 936 4189 96ss
944 4142 1079 4207 proposuit
1094 4140 1144 4192 nisi
1162 4141 1230 4208 quud

69 4209 179 4262 verbnm
191 4206 233 4259 dei
246 4213 304 4261 cett.
327 4210 400 4267 erod
410 4212 510 4258 orira'rne
522 4225 583 4275 opas
595 4217 637 4258 est.

122 4293 160 4347 Oa
180 4292 356 4373 ,XXX11.-
373 4293 392 4343 l.
407 4292 446 4359 (ff.
461 4293 491 4342 de
504 4291 550 4342 lroc
564 4296 659 4343 arorra'ne
672 4293 694 4344 I.
712 4292 741 4342 B.
756 4292 860 4342 Goteler.
875 4291 947 4345 lt'ccl.
962 4294 1007 4346 Gr.
1018 4293 1128 4349 Monam.
1143 4304 1198 4348 tom.
1209 4297 1231 4354 I,

66 4378 197 4518 paqbapl)
197 4402 322 4500 XXXIII.
337 4477 368 4484 —
383 4446 405 4499 l.
417 4443 593 4498 Theodotione
602 4444 657 4500 MS.
671 4447 738 4512 dap.
792 4445 814 4496 ⁵2.
827 4444 988 4501 Theodotiou
999 4447 1054 4500 MS.
1067 4450 1133 4517 Aoo.

122 4532 187 4601 Gap.
199 4531 324 4586 XXXIV.
337 4561 369 4570 —
385 4531 405 4584 1.
419 4530 495 4583 llolrr.
508 4528 562 4591 Vll,
574 4530 599 4582 3.

984 4620 1031 4671 16*
