3046 5124
228 372 289 435 342
634 368 770 411 oaunaon
787 370 977 413 uassrmm'ars

51 542 110 593 (cap.
125 544 208 592 xxti.)
296 523 367 586 Quod
382 526 468 575 omnia
480 526 567 576 studia
579 530 604 576 et
617 525 704 577 emilia
716 542 795 594 opera
807 542 837 577 ae
849 526 942 578 merita
953 532 1104 579 sanctomm
1116 528 1151 579 ad
1163 527 1206 579 dei
1218 530 1333 598 glorium
1343 530 1392 581 lau·

230 611 339 679 ciciraque
351 609 485 662 referenda
497 610 560 676 sint,
580 611 641 678 qnia
653 628 730 662 ircano
742 611 846 662 aliunde
859 612 883 662 ei
895 613 996 681 placeat
1013 612 1062 663 nisi
1074 628 1109 664 ex
1121 629 1154 664 eo
1167 613 1240 681 quod
1251 614 1308 683 ipse
1320 614 1393 665 dona-

161 736 168 757 ,
228 697 304 747 verit:
318 697 345 747 in
357 711 438 765 qnam
447 713 494 747 nm
508 696 664 747 sententiam
681 696 770 762 dirigit
787 696 879 747 beatae
896 697 1081 749 recordatiouis
1096 700 1198 769 ¹papae
1210 698 1312 750 Zosimi
1324 716 1393 767 regu-

227 782 287 832 laria
300 782 453 844 auctoritas,
468 798 526 832 cum
540 781 655 832 scribens
668 781 701 831 ad
712 781 792 831 totius
805 782 875 833 orbis
888 782 1024 851 episcopos
1036 783 1084 846 ait,
1103 782 1158 835 h'os
1170 788 1262 835 auteur
1274 784 1393 835 instimau

226 867 266 917 dei
278 866 376 934 (orrrnia
387 867 457 918 enim
469 866 538 917 hona
550 866 582 917 ad
595 870 730 918 auctorem
742 883 819 917 suum
832 865 967 919 referenda
978 872 1040 918 sunt
1051 868 1120 921 uude
1133 868 1294 936 nascuntur)
1304 868 1337 919 ad
1348 868 1393 919 lra-

227 958 294 1002 trmn
307 957 331 1003 et
344 953 557 1021 coipiscoporum
569 957 717 1003 nostrorum
729 952 917 1003 conscientiam
930 952 1051 1005 universa
1059 954 1206 1008 retulimus.
1225 952 1302 1007 Hunc
1312 958 1393 1005 autem

227 1053 373 1089 semmnem
386 1037 578 1089 2sinceri-:sima
589 1036 706 1089 veritatis
720 1037 777 1088 luce
789 1037 934 1089 radiantem
950 1043 1022 1090 tanto
1035 1038 1091 1090 Afri
1108 1040 1229 1109 episcopi
1245 1038 1345 1091 honore
1357 1056 1393 1090 re-

227 1123 310 1173 uerati
321 1127 390 1186 said,
403 1128 432 1173 ut
443 1123 479 1175 ita
491 1122 523 1173 ad
537 1122 647 1174 eundem
659 1124 744 1174 virum
757 1123 910 1174 scriberent:
928 1122 995 1174 lllud
1005 1140 1066 1177 vero
1079 1124 1150 1193 quod
1162 1125 1190 1177 iu
1202 1124 1317 1189 littoris,
1332 1140 1393 1193 quas

226 1209 257 1259 ad
271 1209 405 1261 universas
418 1208 563 1277 provincias
574 1208 670 1259 curasti
686 1224 742 1259 esse
760 1208 913 1271 mittendas,
932 1208 1043 1277 posuisti
1060 1208 1164 1273 dicens,
1180 1208 1238 1262 h'os
1255 1218 1344 1263 tamen
1360 1211 1394 1261 in·

226 1293 320 1344 stinctn
334 1292 374 1343 dei
387 1298 436 1346 etc.
450 1293 487 1344 sic
500 1294 640 1361 accipimus
653 1293 759 1355 dictum,
772 1298 800 1344 ut
811 1294 870 1344 illos
883 1294 928 1362 qui
940 1298 1031 1345 contra
1042 1293 1082 1345 dei
1095 1292 1258 1347 adiutorium
1268 1296 1392 1347 extollunt

226 1376 333 1428 hurrmni
345 1377 444 1429 arbitrii
458 1380 613 1441 libertatem,
631 1378 745 1429 districto
764 1378 851 1443 gladio
869 1378 986 1430 veritatis
1004 1378 1075 1430 velut
1087 1380 1185 1431 cursim
1197 1381 1333 1433 transiens
1344 1398 1393 1432 am·

224 1467 339 1530 putares.
371 1461 437 1524 Quid
450 1463 518 1514 enim
531 1470 583 1514 tam
597 1463 676 1513 libero
690 1463 775 1513 iecisti
787 1463 907 1527 arbitrio,
925 1480 1003 1531 qnam
1021 1464 1090 1531 quod
1109 1465 1235 1517 universa
1252 1466 1280 1517 in
1294 1476 1393 1517 nostrae

225 1545 378 1598 hunulitatis
391 1547 577 1599 conscientiam
588 1548 707 1611 retulisti,
720 1556 746 1598 et
758 1553 846 1599 tamen
858 1549 983 1599 instinctu
996 1548 1038 1600 dei
1049 1548 1148 1601 iactam
1161 1566 1222 1602 esse
1234 1550 1348 1603 fideliter
1356 1568 1392 1603 sa·

225 1633 377 1702 pleniorque
391 1632 488 1695 vidisti,
507 1634 631 1685 veraciter·
650 1633 810 1701 fidenterque
827 1633 933 1685 dixisti?
956 1634 1016 1693 ldeo
1030 1635 1132 1703 utique,
1152 1634 1216 1703 quia
1226 1643 1394 1705 praeparatur

226 1718 346 1769 voluntas
359 1736 375 1768 a
387 1718 500 1782 donum»,
513 1724 537 1769 et
551 1723 578 1769 ut
591 1719 652 1770 boni
664 1701 853 1787 aliquidagant
864 1719 979 1789 paternis·
991 1719 1208 1788 inspirationibus
1221 1736 1332 1773 suonam
1342 1722 1392 1791 ipse

227 1802 330 1865 ttanuit
342 1803 418 1854 corda
431 1804 571 1857 4ΓιΙίιιιιιιιι.
592 1802 734 1870 ⁵Quotpuot
746 1808 809 1855 enim
823 1808 916 1871 spiritu
929 1806 972 1855 dci
983 1812 1108 1871 capitatur,
1126 1804 1156 1855 tu·
1166 1806 1218 1864 fitia·
1229 1806 1273 1855 dci
1283 1816 1352 1861 aum:
1368 1814 1393 1857 ut

225 1904 273 1937 nec.
286 1896 404 1940 ciantium
416 1890 506 1940 deesse
518 1889 660 1939 sentiamus
673 1888 815 1954 arliitrium,
828 1896 850 1939 et
865 1890 891 1941 in
904 1890 979 1940 mnis
992 1888 1139 1959 quilmsque
1151 1890 1298 1942 voluntatis
1307 1890 1391 1943 hnma-

225 1988 274 2024 nae
287 1974 397 2039 singulis
409 1975 524 2026 metilius
537 1975 622 2041 magia·
636 1975 705 2025 illius
718 1974 803 2025 valere
815 1992 866 2025 uon
879 1974 1027 2026 ‹lubilenms
1040 1975 1178 2029 auxilium.

39 2068 98 2119 (cip.
113 2069 207 2118 xxl'u.)
294 2058 332 2109 lta
349 2060 411 2111 deus
428 2062 475 2111 ¹ex
493 2059 612 2110 cordilms
629 2057 764 2110 lmminum
782 2064 860 2127 atque
876 2060 901 2111 in
920 2061 977 2129 ipso
994 2060 1075 2112 libero
1088 2068 1213 2129 operatur
1225 2062 1347 2119 arluitrio.
1366 2070 1392 2115 ut

225 2150 315 2195 aarrcta
327 2146 463 2214 cogitatio,
482 2146 553 2214 pium
571 2144 709 2195 consilium
727 2145 862 2214 omnisque
881 2152 966 2196 ricinus
985 2146 1068 2197 lionae
1080 2145 1228 2199 uoluntatis
1241 2164 1274 2199 ex
1289 2148 1337 2201 deo
1349 2149 1391 2203 eit:

225 2230 286 2299 qnia
297 2248 343 2299 per
355 2232 428 2282 illum
441 2231 538 2301 aliquit
550 2230 612 2280 launi
624 2246 764 2298 possumus·
777 2229 833 2281 sine
847 2247 897 2299 quo
911 2230 973 2282 nihil
986 2248 1137 2299 possumus.

28 2326 87 2378 (cap.
102 2327 206 2377 xxviii.)
293 2317 444 2384 Quicunque
458 2317 552 2367 dixerit.
564 2316 675 2382 gratiam
689 2315 743 2378 dci,
761 2332 813 2383 qna
825 2315 997 2368 iustilicamur
1008 2333 1053 2385 per
1066 2316 1153 2369 lesum
1166 2316 1302 2371 Christum
1313 2320 1391 2371 dorm-

224 2419 288 2454 num
305 2410 437 2466 arciatrum,
456 2401 488 2452 ad
507 2401 590 2451 solam
608 2400 787 2451 rmnissioncm
806 2408 970 2470 peccatorum
986 2402 1072 2453 valere
1091 2417 1158 2471 quae
1176 2402 1230 2455 iam
1254 2406 1390 2457 commissa

224 2493 293 2551 scirit,
306 2504 358 2538 non
371 2488 449 2539 etiam
463 2487 493 2538 ad
507 2485 663 2537 adiutorium
679 2486 794 2549 ¹gratiac
807 2490 835 2536 ut
849 2503 899 2537 non
913 2488 1115 2550 committantur,
1128 2486 1273 2541 arrathema
1284 2490 1328 2545 sit.

47 2584 107 2635 (cip.
121 2584 205 2635 xxix.)
292 2573 415 2641 Quisquis
433 2572 529 2623 dixerit
545 2571 655 2639 gratiam
676 2570 716 2621 dei
734 2587 779 2639 per
796 2570 882 2623 Iesum
896 2570 1026 2624 Christum
1044 2576 1150 2641 propter
1167 2572 1217 2647 hoc
1233 2580 1335 2629 tantum
1348 2594 1391 2629 cros

223 2659 345 2709 actiuvarc
358 2658 390 2708 ad
403 2675 455 2709 non
467 2655 640 2726 peccandum,
659 2657 720 2724 quia
733 2673 778 2725 per
791 2658 798 2688 ¹
809 2656 895 2725 ipsum
908 2656 983 2708 nobis
996 2658 1123 2709 revelatur
1135 2664 1161 2709 et
1173 2660 1292 2729 aperitur
1304 2662 1391 2713 intelli-

223 2744 313 2811 gentica
325 2743 536 2805 mundatorum,
554 2746 584 2792 ut-
601 2742 714 2793 scianms
731 2740 793 2810 quid
810 2747 931 2810 appetere
949 2747 974 2793 et
991 2742 1052 2811 quid
1068 2742 1151 2795 vitare
1167 2743 1327 2811 debeamus,
1343 2766 1390 2799 non

224 2836 310 2881 antem
324 2847 368 2898 per
381 2830 452 2880 illam
466 2828 540 2879 llcrhls
553 2828 688 2895 praestari,
702 2835 731 2878 ut
743 2826 812 2895 quod
824 2826 973 2879 faciendum
984 2828 1155 2897 cognovimus
1167 2829 1250 2882 etiam
1261 2830 1347 2885 facere
1358 2832 1390 2885 di·

223 2915 337 2983 ligamns
350 2920 426 2983 atque.
439 2915 581 2977 ualeamus,
594 2910 734 2963 acrathemci
744 2912 786 2965 sit.

59 3012 117 3065 (cap.
133 3014 205 3061 xxx.)
292 3000 505 3051 ttlrsecrationum
519 3016 621 3068 ilicoque
634 2997 833 3049 sacerdotalium
846 3002 1010 3050 sacramenta
1019 2998 1198 3067 respiciamus,
1211 3018 1281 3071 quae
1291 3002 1390 3073 abapo·

225 3087 299 3137 stolis¹
317 3085 412 3137 tradita
429 3087 453 3137 in
471 3092 526 3136 toto
543 3084 640 3135 nnmdo
658 3088 734 3151 atque
753 3083 780 3134 in
797 3083 868 3134 omni
885 3081 1012 3135 catholica
1030 3084 1140 3135 ccclesia
1150 3084 1318 3140 uniformiter
1329 3090 1389 3141 cele·

225 3172 343 3235 linantur,
362 3176 391 3221 ut
410 3167 495 3239 legem
513 3169 632 3222 credendi
644 3170 687 3220 lex
700 3174 799 3221 statuat
809 3167 981 3235 supplicandi.
1013 3168 1077 3221 Cum
1093 3170 1329 3247 cuimpauctarum
1341 3176 1390 3245 plc-

224 3257 296 3308 hium
308 3257 441 3325 praesules
453 3256 578 3307 mandata
589 3255 694 3306 sibimet
704 3253 836 3319 legatione
848 3254 992 3321 fungantur
1008 3254 1078 3323 apud
1089 3254 1204 3308 divinam
1217 3258 1389 3321 clementiam,

224 3343 330 3394 humani
343 3341 446 3407 generis
459 3346 542 3407 agunt
554 3356 673 3402 causam,
691 3345 717 3390 et
733 3344 788 3390 tota
804 3354 892 3389 secum
910 3339 1019 3391 ecclesia
1034 3340 1246 3409 congemiscente
1261 3347 1389 3413 postulant

224 3433 250 3480 et
262 3434 411 3497 precantur,
430 3432 455 3476 ut
471 3425 618 3477 infidelibus
631 3424 741 3476 dorietur
752 3422 830 3488 sides,
848 3428 877 3475 ut
889 3423 1040 3476 idololatrae
1052 3424 1086 3476 ab
1097 3424 1243 3495 impietatis
1254 3446 1319 3483 suae
1331 3431 1389 3483 lihe-

224 3518 312 3566 rentur
325 3511 461 3575 erroribus,
473 3518 503 3562 ιιι.
514 3510 615 3562 ludaeis
627 3510 714 3562 ablato
727 3508 810 3561 cordis
822 3509 950 3561 uelamine
963 3510 1009 3561 lux
1021 3510 1137 3563 veritatis
1149 3519 1285 3585 appareat,
1297 3516 1390 3569 uthau-

225 3600 298 3651 retici
309 3597 452 3651 catholicae
463 3596 524 3649 fidei
538 3598 544 3629 ¹
555 3595 718 3665 perceptione
731 3594 897 3663 resipiscant,
916 3599 945 3646 ut
956 3593 1114 3649 schismatici
1129 3598 1254 3667 spiritum
1264 3600 1390 3655 redivivae

224 3686 340 3738 caritatis
353 3684 495 3756 accipiant,
513 3689 543 3734 ut
555 3682 633 3753 lapsis
646 3680 821 3750 paenitentiae
833 3680 947 3732 remedia
959 3680 1137 3747 conterantur,
1153 3689 1185 3735 ut
1199 3683 1315 3757 denique
1325 3694 1389 3741 eete-

293 3823 363 3891 (Cap.
375 3821 485 3888 XXVI.)
509 3820 538 3874 V.
554 3820 692 3872 Caelestini
700 3836 790 3887 papae
801 3821 873 3888 epist.
887 3820 925 3869 od
938 3820 1007 3873 dall.
1020 3823 1097 3889 episc.
1110 3836 1169 3889 cop.
1179 3820 1205 3874 l.
1261 3824 1284 3875 l.
1297 3822 1390 3877 Zosimi

225 3910 313 3960 papae
325 3893 432 3959 cpiatolo
445 3909 492 3941 aori
507 3894 588 3957 acopis
600 3888 674 3939 dedic
686 3897 757 3938 certat
768 3906 842 3971 paam
856 3888 977 3956 Afrorum
990 3893 1173 3969 episcopocum.
1235 3890 1260 3945 2.
1273 3892 1389 3946 sinceri·-

226 3961 306 4041 simae
319 3962 357 4011 cd.
370 3959 485 4012 Elmeuh.
509 4028 521 4059 ,ι
537 3954 875 4077 ·3'*angahiie1dlddiic
884 3955 1043 4077 fifisffidfflditi
1056 3956 1230 4079 {dellpplr'mvd
1252 3964 1305 4082 cipp
1319 3962 1389 4013 lisa

225 4027 702 4213 nuorpppptltkepexdltlpprapaeecppnm
715 4067 803 4163 popae
821 4096 892 4161 epist.
911 4095 948 4189 ad
961 4064 1029 4146 uult.
1048 4064 1158 4163 episcop.
1169 4066 1235 4166 occup.
1249 4096 1276 4150 9.
1306 4072 1313 4084 ⁹
1332 4098 1353 4151 l.
1365 4098 1389 4151 in

226 4164 716 4301 cordidlaspffldhaldl'ile.Jm'lffhqdheldiltidi
725 4248 813 4299 papae
824 4235 896 4299 epist.
910 4233 947 4283 ad
957 4232 1027 4285 Gall.
1041 4234 1118 4301 episc.
1131 4248 1191 4301 cop.
1200 4232 1246 4287 10.
1300 4234 1323 4289 l.
1332 4250 1389 4305 gn·

227 4301 277 4352 liae
291 4320 337 4350 mm
349 4301 449 4351 dohetc
469 4304 508 4354 cat.
522 4300 660 4352 Caelestini
671 4319 714 4369 up.
729 4300 915 4351 Benedictiuoa.

295 4320 494 4437 (Capitalia.)
517 4368 546 4420 V.
560 4371 698 4420 Caelestini
704 4386 794 4437 papae
805 4372 877 4436 epact.
891 4370 929 4419 od
938 4368 1007 4420 Gall.
1020 4372 1097 4437 apim.
1107 4386 1167 4439 cop.
1175 4369 1220 4423 10.
1274 4372 1297 4424 l.
1306 4370 1387 4443 ipsam

229 4439 321 4503 lepitur
332 4442 360 4486 -ιίι
373 4436 497 4503 curtlia.
513 4438 620 4502 Concil,
639 4456 668 4489 ex
684 4456 730 4505 quo
748 4436 812 4487 hacc
830 4445 854 4487 ct
864 4441 998 4507 eriperiora
1005 4440 1089 4507 petitu
1101 4446 1167 4493 auat.
1218 4438 1244 4493 2.
1254 4440 1387 4495 mendae

227 4521 285 4557 rum
297 4504 337 4556 dei
350 4505 508 4624 dccdegpiat.
521 4504 666 4557 Caelestini.
829 4532 833 4539 ·
963 4512 967 4519 '

295 4572 370 4642 (Cap.
383 4573 409 4626 X
466 4572 484 4639 .)
509 4573 537 4625 V.
548 4572 685 4625 Caelestini
690 4590 784 4643 popae
795 4576 867 4643 epist.
880 4576 917 4627 od
930 4574 999 4627 uate.
1011 4577 1090 4645 episc.
1103 4592 1164 4647 cap.
1177 4574 1219 4631 11.
1282 4576 1305 4631 l.
1315 4576 1385 4631 aaa

228 4640 393 4709 perfectione.
410 4640 525 4709 [Benedl
