3046 5124
285 1254 1022 1362 PRAEDESTINATI

465 1441 847 1520 enumeremus

619 1612 683 1651 SIVE

141 1709 260 1765 OPERIS
273 1711 337 1765 SUB
349 1711 618 1850 PRAEDESTlNng
630 1712 762 1768 NOMINE
772 1715 796 1768 A
807 1715 869 1770 IAG.
883 1716 1057 1772 ammoneo
1069 1717 1160 1771 llDI'l'l

531 1797 565 1851 LI
588 1798 633 1851 nu
644 1799 779 1855 PRIMUS.

437 1957 858 2034 rasuram

75 2289 395 2435 Quotienscumque
410 2349 451 2414 ad
465 2354 506 2431 te,
523 2372 539 2415 o
555 2356 674 2414 amator
690 2351 750 2433 dei,
764 2351 861 2416 verba
876 2351 1037 2416 doctorum
1053 2351 1230 2434 adtingunt,

72 2451 155 2519 illico
170 2457 246 2516 sunt
260 2449 379 2516 domini
393 2458 560 2538 praecepta
579 2452 796 2535 memoranda,
816 2454 928 2536 quibus
949 2454 1054 2518 iubere
1075 2453 1230 2537 dignatur,

73 2561 107 2621 ut
119 2553 326 2620 adtendamus
342 2554 381 2618 ab
397 2552 446 2618 his
461 2557 515 2638 qui
529 2557 660 2620 veniunt
674 2555 714 2620 ad
729 2576 785 2620 nos
800 2559 834 2621 in
848 2558 963 2621 vestitu
980 2559 1100 2638 ovium,
1115 2578 1154 2621 uc
1170 2558 1228 2621 sub

71 2657 128 2725 boc
144 2659 281 2740 tegmine
297 2656 439 2741 luporum
455 2657 557 2722 rabies
578 2657 732 2722 occultata
752 2658 865 2723 ovilem
886 2659 1119 2745 simplicitatem
1139 2662 1228 2724 inva-

72 2758 134 2826 dat.
171 2759 301 2826 Utinam
320 2759 397 2824 mihi
420 2758 523 2824 verbis
538 2763 599 2824 ista
614 2760 730 2824 dixisse
747 2762 918 2843 sufficeret,
939 2768 971 2825 ct
985 2783 1064 2844 non,
1084 2762 1166 2845 quod
1182 2769 1230 2827 cst

72 2883 143 2929 cum
157 2864 291 2947 suspirio
306 2862 553 2944 memorandum,
568 2864 769 2928 manifestum
783 2867 826 2928 sit
837 2866 1000 2929 miscuisse
1012 2863 1132 2929 belluas
1144 2868 1228 2949 gregi

72 2964 243 3033 dominico:
267 2966 320 3049 qui
343 2970 430 3027 tanta
452 2963 625 3029 subtilitate
649 2965 843 3032 clandestino
866 2968 953 3032 hiatu
976 2988 1044 3032 sese
1068 2967 1228 3033 catholicis

70 3070 301 3148 immerserunt,
316 3073 351 3131 ut
363 3070 422 3152 ipsi
433 3070 533 3150 magis
545 3070 629 3132 cives
642 3075 820 3134 sanctorum
831 3074 863 3132 et
874 3069 1036 3134 domestici
1048 3070 1122 3136 fidei
1133 3074 1227 3136 aesti-

69 3176 212 3252 mentur,
231 3172 284 3254 qui
299 3172 419 3233 inimici
434 3169 584 3234 eeclesiae
606 3178 638 3233 et
652 3170 756 3235 hostes
773 3170 962 3237 dolosissimi
978 3174 1226 3260 comprobantur.

70 3272 219 3341 Dicentes
233 3274 297 3337 iam
310 3271 452 3337 homines
467 3274 511 3336 ita
524 3272 772 3357 praedestinatos
792 3273 832 3337 ad
852 3280 983 3340 mortem
1002 3296 1058 3361 per
1072 3276 1123 3341 dei
1136 3298 1226 3362 prae-

71 3377 245 3458 scientiam,
259 3382 296 3439 ut
309 3373 372 3440 illis
387 3396 445 3440 nec
460 3377 564 3461 passio
577 3374 690 3440 Christi
705 3396 764 3440 nec
778 3376 974 3462 baptismatis
987 3378 1157 3465 redemptio
1169 3401 1226 3443 nec

70 3481 148 3549 fides
169 3500 229 3545 nec
250 3500 322 3564 spes
341 3480 441 3564 possit
461 3498 518 3543 nec
539 3479 651 3543 caritas
672 3479 846 3544 subvenire.
884 3479 981 3546 Orent
1000 3488 1032 3545 et
1051 3483 1175 3545 ieiuniis
1190 3504 1225 3545 ao

70 3583 278 3666 eleemosynis
294 3588 494 3668 occupentur,
510 3581 606 3663 nulla,
620 3583 781 3666 inquiunt,
796 3590 943 3668 poterunt
958 3586 1074 3648 rationo
1090 3582 1226 3665 liberari,

70 3689 144 3774 quis
158 3706 223 3753 uon
237 3692 311 3749 sunt
324 3684 549 3771 praedestinati
564 3684 604 3748 ad
619 3685 725 3750 vitam.
761 3686 895 3751 Econtra
913 3686 946 3751 hi
961 3706 1037 3771 quos
1052 3685 1224 3771 praedesti-

69 3791 155 3857 nntio
169 3789 312 3874 praescia
327 3788 500 3859 futurorum
516 3788 692 3874 dispunxit‚
707 3789 887 3873 negligant,¹
900 3795 1114 3870 contemnant,
1129 3795 1161 3852 et
1177 3791 1224 3853 iu·

69 3893 190 3959 stitiam
203 3889 332 3974 fugiant.
370 3889 422 3955 Sic
441 3892 494 3954 isti
509 3893 604 3955 etiam
623 3890 764 3956 nolentes
780 3893 944 3956 trahuntur
958 3890 997 3953 ad
1012 3893 1125 3973 vitam,
1146 3894 1226 3957 sicut

68 3992 116 4061 illi
129 3992 271 4061 volentes
291 3993 332 4058 ad
351 3995 449 4058 vitam
462 3997 636 4079 pertingere
652 3994 849 4080 expelluntur
862 3996 896 4057 in
909 3998 1064 4057 mortem(
1088 3992 1140 4058 Sic
1155 3997 1225 4060 istis

68 4094 328 4183 conpetentibus
344 4096 445 4177 datur,
461 4099 542 4162 sicut
554 4097 617 4161 illis
632 4097 809 4183 petentibus
825 4095 1003 4177 denegatur.
1032 4094 1072 4159 Et
1085 4097 1139 4160 isti
1154 4101 1223 4183 qui·

70 4199 142 4267 dem
157 4219 222 4265 non
236 4207 420 4284 quaerentes
436 4201 615 4282 invenient,
628 4199 675 4264 illi
689 4207 793 4262 autem
808 4203 990 4281 quaerentes
1005 4199 1145 4263 invenire
1160 4222 1224 4266 non

70 4307 211 4390 possunt.
238 4301 312 4366 Istis
327 4304 453 4388 pietatis
468 4303 561 4366 ianua
574 4324 639 4367 non
653 4301 848 4388 pulsantibus
864 4306 1028 4382 reseratur,
1042 4300 1104 4366 illis
1119 4310 1223 4369 autem

70 4405 285 4473 uullarationo
293 4406 417 4491 poterit,
433 4406 528 4470 etiam
542 4405 749 4492 pulsantibuS,
764 4405 858 4468 etiam
870 4402 1088 4488 clamantibus,
1099 4409 1221 4492 aperiri.

70 4509 146 4589 Quis
159 4508 243 4575 banc
262 4508 357 4573 tidem
375 4506 494 4572 habeus
515 4509 711 4575 sacerdotnm
730 4505 999 4572 benedictionibus
1019 4514 1111 4594 caput
1129 4508 1221 4576 incli-

69 4632 144 4679 nare
158 4610 328 4693 desideret,
349 4616 380 4676 et
400 4630 507 4676 eorum
529 4612 589 4675 sibi
607 4609 752 4698 precibus
773 4616 804 4674 et
824 4609 985 4676 sacrificiis
1006 4611 1113 4678 credat
1129 4633 1221 4700 posse
